2421 3064
986 197 1062 228 1397
1853 194 1925 226 :317

113 297 242 326 maturo
280 293 419 326 consitio
457 298 486 325 et
528 297 793 338 perti-actacione
823 294 997 339 sollempni
1029 297 1114 327 inter
1144 305 1202 327 nos
1235 293 1415 338 prebabitis
1448 299 1658 340 unanimiqiw
1690 301 1803 329 nostro
1834 308 1924 329 rou—

112 364 213 387 sensu
253 356 386 386 nemine
423 353 646 399 discrepante.
682 354 721 387 ad
753 354 816 387 boc
846 357 950 387 eciam
981 354 1164 387 accedente
1193 353 1402 398 beneplacito
1434 355 1550 389 lavore
1580 361 1609 388 et
1642 357 1810 389 voluntate
1841 368 1924 401 spe-

114 414 187 447 ciali
217 416 422 447 serenissimi
453 417 610 459 principis
641 415 762 448 domini
785 414 901 448 Jodoci
933 414 1135 448 marchionis
1156 414 1320 447 Moravie.
1353 416 1473 448 domini
1505 419 1606 448 nostri
1637 419 1795 459 graciosi.
1819 429 1924 449 reco—

113 477 308 518 gnoscimus
337 479 453 507 tenore
483 478 708 519 presenwium.
739 476 777 508 ad
809 486 891 520 quos
920 478 1149 520 pervenerint.
1182 475 1351 507 modernis
1382 480 1411 508 et
1444 476 1560 509 futuris
1581 477 1774 521 prolitemur
1795 477 1923 522 publice

114 537 294 568 universis.
337 535 422 579 quod
462 546 523 567 nos
563 535 775 572 exigentibus
815 540 846 568 et
877 535 1060 569 manifestis
1091 538 1327 568 necessitatum
1358 540 1545 569 nostrarum
1578 539 1686 569 causis
1717 541 1744 570 ct
1780 541 1923 571 maxime
1963 547 1975 568 .-

115 599 249 640 propter
292 606 394 628 onera
439 600 468 627 et
515 595 622 628 debita
669 599 871 639 gravissima
912 595 1094 629 Judeorum
1143 600 1173 628 et
1224 606 1398 629 usurarum
1445 600 1655 637 voraginem.
1703 597 1820 642 quibus
1866 609 1924 631 nos

114 660 146 689 et
185 660 332 689 nostrum
375 658 610 689 monasterium
641 661 814 689 oneratum
850 659 968 689 extitit.
1013 660 1109 701 prout
1139 655 1202 688 boc
1232 656 1340 689 littere
1370 662 1483 689 nostre
1514 657 1588 689 inde
1619 658 1773 690 consecti·
1804 658 1925 691 clarius

113 716 303 750 ostendunt.
334 727 393 760 pro
423 716 542 760 quibus
573 716 691 749 debitis
721 717 951 749 rescindendis
981 721 1011 749 et
1041 716 1158 749 litteris
1188 717 1418 750 exsolvendis.
1449 728 1489 749 ne
1520 729 1579 750 nos
1609 718 1814 763 dispendium
1843 730 1925 764 per—

115 787 268 820 magnum
309 779 338 809 in
378 776 519 809 futurum
552 779 658 815 inagis
697 777 835 810 lederet.
880 780 908 809 in
949 777 1012 809 boc
1042 782 1153 810 nostra
1185 777 1307 810 resedit
1338 780 1493 810 intencio.
1538 778 1622 821 quod
1656 778 1738 810 bona
1769 783 1798 811 et
1830 779 1925 812 villa>

113 841 245 871 nostras
275 837 378 870 Priest
417 849 490 870 cuni
527 840 615 869 curia
647 837 815 871 colonaria
847 842 876 870 et
907 840 975 871 suis
1005 837 1219 883 appendiciis·
1240 842 1269 869 et
1302 838 1411 871 villam
1443 838 1669 871 Scbulwwiez
1700 844 1730 871 et
1763 839 1925 872 Pleswicz

112 910 282 942 generoso
321 910 360 931 ae
395 897 495 931 nobiti
525 901 598 931 viro
629 897 794 930 Laczkoni
825 898 865 930 de
895 897 1036 931 Crawar
1065 898 1147 931 alias
1177 901 1207 931 in
1239 898 1432 931 Hellinstein
1465 903 1628 943 tamquam
1661 904 1775 932 nostro
1806 900 1924 932 l'autori

113 964 145 993 et.
183 961 365 1004 promoturi
403 961 560 994 eracles«)
598 963 627 991 et
661 958 724 991 lilio
754 969 814 991 suo
845 958 992 1001 legitimo
1024 958 1155 992 l)irslao
1185 961 1318 992 nomine
1348 962 1432 991 iuste
1461 963 1491 991 et
1522 959 1769 992 racionabiliter
1798 960 1925 993 vendi-

115 1020 220 1053 dimus
250 1030 310 1064 pro
341 1018 594 1063 quadringentis
623 1023 653 1052 et
684 1022 920 1064 quinquaginta
952 1023 1073 1052 marcis
1102 1030 1297 1063 grossorum
1329 1019 1542 1053 denariorum
1565 1019 1782 1064 l'ragensium
1806 1020 1925 1053 Mora-

113 1083 176 1113 vici
200 1082 328 1113 numeri
351 1084 379 1112 et
403 1082 593 1124 pagaiuenti
615 1078 709 1112 nobis
731 1082 792 1112 iam
816 1084 890 1112 actu
913 1082 942 1112 iu
965 1084 1033 1113 toto
1055 1083 1248 1122 numeratis.
1271 1080 1397 1113 traditis
1419 1085 1447 1112 et
1470 1080 1584 1113 solutis
1606 1091 1644 1112 ac
1667 1083 1695 1112 in
1718 1081 1923 1113 solucionem

112 1141 272 1174 dictarum
312 1140 495 1173 litterarum
535 1151 594 1184 per
628 1151 688 1173 uos
726 1143 855 1184 penitus
895 1143 1003 1173 versis
1042 1145 1072 1173 et
1110 1144 1232 1173 virtute
1269 1143 1480 1185 presencium
1521 1141 1706 1173 vendimus.
1751 1141 1924 1174 donamus.

112 1201 272 1235 cedimus.
316 1202 527 1244 resignamus
566 1204 594 1231 et
627 1203 760 1232 omnino
791 1203 1034 1233 invisceramus
1064 1201 1102 1233 ad
1134 1204 1202 1233 vite
1232 1204 1378 1246 ipsorum
1409 1202 1568 1234 duntaxat
1600 1206 1748 1246 tempora
1779 1207 1808 1233 et
1840 1213 1925 1246 per-

111 1272 211 1296 sonas
242 1260 424 1302 habendas.
465 1260 639 1294 tenendas.
678 1272 738 1305 per
767 1272 826 1293 eos
856 1261 1034 1305 regendas.
1074 1261 1225 1294 utendas.
1265 1261 1420 1295 fruendas
1450 1266 1480 1294 et
1511 1261 1731 1306 possidendas
1762 1261 1865 1294 libere
1895 1266 1923 1294 et

112 1322 315 1356 hereditarie
351 1332 424 1355 cuin
464 1320 616 1353 omnibus
655 1324 722 1353 suis
761 1321 896 1355 iuribus.
940 1321 1065 1355 usibus.
1109 1321 1368 1367 proprietatibus
1406 1326 1434 1354 et
1471 1324 1686 1366 pertinenciis
1716 1325 1746 1354 in
1777 1322 1864 1355 villis
1894 1327 1923 1355 et

112 1385 238 1428 campis
276 1385 343 1415 suis
382 1385 535 1426 propriis.
582 1380 746 1414 limitibus.
791 1382 1078 1415 circumferenciis
1107 1385 1288 1427 antiquitus
1319 1382 1493 1416 distinctis.
1539 1382 1739 1416 hominibus.
1784 1383 1923 1416 iudiciis.

111 1444 261 1477 emendis
292 1442 472 1475 maim-ibus
503 1445 530 1474 et
565 1441 758 1474 minoribus.
798 1442 997 1486 quibuslibet
1027 1442 1194 1476 censibus.
1235 1443 1384 1476 decimis.
1416 1443 1553 1485 robotis.
1584 1442 1776 1476 honeribus.
1808 1443 1923 1476 laneis.

111 1508 201 1550 agris
231 1504 327 1537 cultis
356 1508 386 1536 et
417 1504 545 1536 incultis
575 1506 676 1547 agris.
723 1503 916 1536 urborariis.
960 1503 1141 1536 curticulis.
1180 1503 1285 1536 silvis.
1325 1502 1460 1537 rubetis.
1501 1503 1668 1547 virg-ultis
1707 1503 1910 1537 nemoribus.

111 1568 214 1611 pratis
243 1564 404 1598 feniferis.
427 1566 541 1608 pratis.
572 1567 716 1608 pascuis.
747 1567 841 1608 aquis
871 1575 1100 1608 aquarumque
1129 1563 1336 1597 decursibus.
1367 1567 1505 1606 stag-nis.
1536 1563 1735 1608 palludibus,
1765 1564 1923 1597 sontibus·

113 1625 290 1667 montibus,
332 1624 486 1658 vallibus.
526 1624 780 1657 venacicjinibus.
821 1624 995 1657 littoribus
1036 1622 1196 1668 planiciis.
1235 1627 1406 1668 granicus.
1447 1623 1703 1669 piscacionibus.
1733 1627 1922 1669 piscaturis.

109 1685 404 1732 aucupacionibus‚
436 1684 709 1730 inposicionibus.
740 1688 907 1718 serviciis.
938 1684 1202 1718 obvencionibus
1232 1689 1263 1718 et
1293 1684 1511 1729 proventibus
1540 1696 1579 1717 ae
1612 1685 1820 1728 generaliter
1840 1688 1921 1717 uni—

110 1750 220 1781 versis
248 1745 467 1792 appendiciis.
499 1745 761 1790 quibuscumque
792 1745 978 1778 nominibus
1009 1745 1167 1790 appellari
1198 1745 1329 1778 valeant
1360 1745 1398 1778 ad
1431 1748 1498 1790 ipsa
1531 1745 1615 1778 bona
1641 1745 1869 1790 spectantibus
1890 1750 1918 1778 et

111 1808 220 1841 taliter
258 1818 317 1852 per
354 1818 415 1839 nos
454 1806 722 1839 demonstrandis
753 1806 848 1851 pleno
879 1809 949 1838 iure
979 1810 1007 1838 et
1040 1805 1185 1838 dominio
1215 1805 1341 1850 absque
1370 1806 1604 1839 diminucione.
1645 1811 1740 1850 prout
1771 1817 1832 1838 nos
1861 1809 1921 1851 ipsi

110 1868 274 1902 antedicta
314 1867 399 1901 bona
431 1870 460 1900 iu
492 1867 577 1900 vittis
606 1871 636 1899 et
667 1870 793 1912 campis
824 1866 1005 1899 eorundem
1037 1866 1197 1899 haetenus
1227 1869 1405 1903 tenuimus.
1449 1866 1621 1899 babuimus
1651 1870 1681 1898 et
1712 1867 1921 1911 possedimus¹

112 1929 297 1973 hueusque.
341 1928 440 1961 nichil
479 1931 571 1960 iuris.
615 1930 828 1973 proprietatis
866 1938 923 1959 seu
964 1926 1098 1960 dominii
1137 1926 1244 1969 nobis.
1282 1926 1537 1960 successoribus
1575 1929 1698 1959 nostris
1737 1931 1765 1959 et
1806 1931 1921 1959 nostro

111 1991 315 2023 monasterio
345 1992 377 2021 in
407 1988 531 2021 eisdem
565 1988 658 2021 bonis
681 1988 930 2032 relinquentes:
961 1988 1066 2020 solum
1090 1987 1300 2020 medietatem
1323 1987 1404 2020 ville
1424 1986 1579 2020 Bocborz
1600 1998 1672 2019 cuin
1696 1987 1802 2020 media
1824 1987 1921 2020 silva.

110 2061 173 2095 qne
202 2049 344 2082 Rassina
382 2054 606 2093 nuncupatur.
637 2052 835 2093 excipimus.
875 2060 970 2092 quam
1010 2059 1070 2092 pro
1106 2047 1200 2081 nobis
1239 2052 1268 2080 et
1308 2052 1422 2081 nostro
1462 2050 1664 2080 monasterio
1695 2050 1858 2092 integram
1889 2052 1919 2081 et

108 2110 246 2144 liberam
268 2121 475 2143 conservare
496 2120 684 2142 censemus.
716 2109 782 2142 Sed
806 2114 905 2142 totum
929 2112 976 2141 ius
998 2113 1026 2141 et
1051 2108 1242 2141 dominium.
1265 2108 1349 2152 quod
1372 2108 1466 2141 nobis
1489 2112 1517 2141 in
1536 2111 1692 2153 pretactis
1709 2107 1804 2141 bonis
1821 2119 1919 2141 com-

110 2169 254 2216 petebat.
286 2173 314 2203 in
345 2170 511 2203 antefatos
541 2169 697 2202 videlicet
723 2170 890 2202 dominum
913 2168 1120 2202 Laczkonem
1144 2173 1174 2200 et
1196 2168 1292 2201 lilium
1315 2179 1408 2201 suum
1432 2168 1596 2201 Dirslaum
1620 2171 1753 2201 nomine
1774 2172 1920 2213 presenti

110 2234 309 2276 transcripto
348 2230 591 2263 transferimus.
635 2230 795 2263 donamus
836 2234 864 2261 et
905 2229 1109 2262 conferimus
1139 2229 1236 2274 pleno
1265 2232 1336 2262 iure
1366 2233 1396 2261 et
1428 2229 1572 2261 dominio
1602 2229 1640 2261 ad
1671 2232 1772 2261 vitam
1804 2240 1918 2262 eorum

109 2292 281 2325 duntaxat.
321 2294 362 2324 ita
393 2292 490 2336 plane
519 2295 552 2323 ut
581 2293 640 2335 ipsi
672 2290 838 2323 antedicta
869 2289 953 2323 bona
985 2293 1106 2334 quiete.
1150 2289 1288 2334 pacifice
1318 2293 1546 2322 manutenere.
1586 2300 1708 2332 regere
1739 2288 1858 2322 debent
1889 2295 1916 2322 et

108 2351 185 2394 frui.
206 2355 264 2395 uti.
286 2356 382 2397 prout
405 2355 484 2396 ipsis
505 2351 622 2384 melius
638 2350 805 2384 videbitur
821 2351 993 2396 expedire.
1016 2353 1087 2383 sine
1103 2349 1249 2394 quolibet
1264 2350 1512 2394 impediment0.
1535 2353 1566 2382 et
1582 2352 1639 2392 ita.
1660 2352 1686 2382 si
1704 2360 1786 2382 unus
1803 2360 1917 2382 eorum
1940 2357 1969 2380 :35

111 2412 303 2446 decederet.
321 2412 405 2445 atter
420 2423 480 2444 seu
497 2411 600 2445 altera
619 2409 726 2458 [pars]
743 2416 913 2456 superstes
935 2414 1003 2455 ipsa
1025 2410 1110 2443 bona
1132 2409 1312 2455 possidebit
1335 2410 1434 2455 pleno
1454 2413 1524 2442 iure
1546 2414 1577 2442 et
1598 2409 1757 2443 dominio.
1778 2414 1811 2442 ut
1832 2421 1918 2455 pre-

108 2475 256 2514 mittitur,
286 2473 324 2506 ad
357 2471 505 2517 tempera
534 2475 603 2505 vite
632 2483 702 2505 sue.
735 2471 847 2505 Eciaui
879 2474 958 2516 ipsis
989 2470 1205 2503 concedimus
1235 2475 1264 2503 et
1295 2470 1460 2512 volumus.
1493 2475 1522 2502 ut
1553 2473 1579 2502 si
1606 2473 1789 2503 necessitas
1810 2470 1916 2514 aliqua

107 2533 278 2579 sepefatos
308 2534 460 2566 dominos
489 2531 677 2565 invaderet.
708 2543 768 2577 pro
798 2543 859 2576 qua
890 2531 1037 2576 prefatas
1067 2531 1162 2563 villas
1192 2535 1221 2563 et
1252 2530 1338 2564 bona
1368 2530 1517 2564 vendere
1537 2535 1590 2563 aut
1612 2531 1758 2563 alienare
1781 2530 1916 2563 vellent.

107 2598 185 2627 tuno
213 2593 309 2627 nobis
337 2596 429 2638 prius
459 2596 546 2638 ipsas
576 2592 715 2625 venales
745 2591 947 2625 exhibebunt
979 2596 1009 2623 et
1040 2591 1185 2624 vendent
1214 2602 1274 2636 pro
1304 2602 1430 2624 summa
1463 2591 1526 2624 illa.
1558 2602 1618 2635 pro
1647 2602 1710 2635 qua
1741 2593 1809 2635 ipsa
1832 2590 1916 2623 bona

1951 848 1978 871 14)

1950 1153 1978 1175 l.''›

1945 1455 1978 1477 231)

1941 2056 1962 2079 3(
1969 2058 1974 2077 l

107 2665 126 2687 a
156 2653 251 2687 nobis
281 2658 442 2687 emerunt.
492 2653 587 2693 Quod
619 2656 644 2686 si
675 2664 788 2685 emere
819 2664 883 2685 non
914 2663 1101 2697 possemus,
1139 2663 1181 2684 ex
1213 2656 1288 2684 tunc
1319 2656 1454 2696 possunt
1486 2652 1556 2684 aliis
1587 2654 1739 2696 personis
1769 2651 1916 2683 vender(¹
1939 2656 1971 2679 ⁴¹·
