2421 3064
974 224 1056 255 1:36⁸
1852 218 1861 251 l
1874 218 1894 248 o
1906 218 1915 251 l

114 321 292 357 heredibus
332 326 483 355 tenemur
521 324 552 354 iu
592 321 732 355 solidum
771 321 811 355 de
841 332 924 355 vero
963 320 1074 355 debito
1112 321 1218 354 fenori
1257 325 1392 366 recepte
1444 325 1475 353 et
1514 320 1553 353 ad
1589 325 1714 353 certam
1755 332 1916 354 summam

113 387 210 429 pacte
239 384 379 428 pecunie
408 381 582 415 duodecim
627 392 756 416 marcas
786 387 818 416 et
847 381 1022 416 duodecim
1052 392 1191 426 grossos
1220 391 1417 425 grossorum
1454 380 1668 414 denariorum
1700 379 1916 419 Praeensium

110 444 275 478 Moravici
303 445 434 476 numeri
463 446 495 475 et
523 445 727 487 pagamenti.
766 445 858 476 cuius
888 445 1028 488 pecunie
1058 441 1174 475 decem
1206 451 1318 474 marce
1358 444 1388 473 in
1418 445 1543 474 sortem
1575 445 1781 486 reputantur.
1834 441 1921 474 l'ro—

112 507 278 538 mittentes
308 514 365 536 eas
394 502 434 535 de
456 502 519 535 lide
548 507 660 536 nostra
682 502 769 536 bona
798 506 870 537 sine
891 503 967 537 dolo
996 501 1142 548 quolibet
1171 512 1230 547 per
1251 512 1311 534 uos
1341 506 1373 535 et
1394 501 1537 534 heredes
1569 506 1702 535 nostros
1732 501 1920 534 insolidum.

111 564 172 599 sub
202 565 347 598 omnium
378 567 408 596 et
430 562 653 607 quorumlibet
682 562 843 597 bonorum
865 568 1055 597 nostrorum
1077 556 1244 596 mobilium
1275 566 1307 595 et
1327 561 1542 595 immobilium
1573 561 1707 595 ubilibet
1731 561 1918 595 habitorum
1962 568 1977 589 Γ·

113 617 280 671 ypotheca
310 623 436 657 eisdem
466 622 580 656 Judeis
610 623 755 658 tradere.
794 623 929 658 solvere
968 629 997 657 et
1028 635 1208 658 numerare
1246 627 1277 657 in
1307 623 1392 657 festo
1422 626 1526 656 sancti
1556 622 1730 656 Michaelis
1769 625 1922 667 proxime

115 696 202 719 nunc
222 688 378 718 venturo.
409 682 503 724 Quod
534 686 646 716 sinon
678 684 869 718 fecerimus.
900 689 1040 718 extunc
1069 688 1177 719 statim
1210 684 1368 729 deinceps
1398 684 1536 727 singulis
1567 686 1762 728 septimanis
1792 682 1922 715 cuilibet

113 756 227 780 marce
257 744 344 778 dicte
372 754 501 778 summe
530 749 702 777 accrescat
732 756 816 778 unus
845 756 985 789 grossus
1015 744 1177 779 dictorum
1208 744 1420 778 denariorum
1459 747 1538 789 ipsis
1567 744 1682 777 Judeis
1718 754 1778 789 pro
1814 754 1924 776 usura.

114 811 145 840 et
174 805 406 839 nichilominus
445 815 528 838 unus
567 809 728 840 nostrum.
768 808 821 850 qui
851 816 925 838 cum
969 816 986 838 a
1017 806 1113 839 dictis
1141 805 1256 840 Judeis
1295 804 1493 839 monebitur.
1533 815 1606 837 cum
1636 815 1701 837 uuo
1732 804 1856 837 famulo
1897 808 1925 835 et

114 865 242 900 duobus
280 868 374 910 equis
411 864 598 909 obstagium
628 877 747 899 verum
786 871 818 899 et
847 866 978 900 solitum
1017 869 1049 900 in
1078 868 1214 900 civitate
1242 866 1354 900 Bruna
1393 870 1424 899 et
1462 865 1560 899 domo
1600 864 1738 898 honesta
1777 864 1838 898 sibi
1867 876 1927 910 per

115 927 252 961 eosdem
273 925 399 960 Judeos
428 925 583 971 deputata
614 925 772 971 prestabit
803 929 1014 960 intemerate.
1045 938 1109 960 non
1130 930 1281 961 exiturus
1311 927 1351 960 de
1372 926 1491 960 codem
1522 925 1676 970 obstagio
1707 925 1814 970 aliqua
1844 927 1926 958 iuris

115 987 170 1021 vel
199 986 451 1021 consuetudinis
480 997 580 1019 causa
611 990 792 1032 proposita.
824 988 930 1021 donec
960 991 1152 1021 memoratis
1181 987 1296 1021 Judeis
1325 997 1486 1020 summam
1519 985 1617 1019 debiti
1647 990 1831 1031 pretactain
1852 996 1925 1018 cum

116 1051 226 1082 usuris
255 1050 361 1081 eciam
400 1046 554 1091 obstagio
594 1058 658 1080 uon
697 1047 850 1081 obstante
889 1051 1133 1093 septimanatim
1172 1053 1204 1081 ut
1234 1047 1417 1094 predIOitur
1456 1057 1614 1080 crescere
1652 1045 1850 1079 debentibus
1889 1056 1927 1078 ac

116 1119 177 1142 suo
215 1108 361 1153 quolibet
399 1111 565 1141 interesse
604 1111 736 1152 integre
775 1108 1020 1153 persolvemus.
1069 1108 1118 1143 Eo
1157 1111 1261 1142 eciam
1300 1112 1410 1154 pacto.
1454 1110 1482 1141 si
1517 1107 1639 1140 dictum
1680 1109 1857 1140 terminum
1896 1108 1926 1138 iu

118 1169 289 1203 solucione
319 1171 418 1202 sortis
447 1171 719 1214 anticiperemus.
749 1170 835 1213 quod
867 1180 965 1203 usura
995 1180 1055 1215 pro
1084 1174 1154 1203 rata
1184 1172 1342 1215 temporis
1372 1168 1590 1214 dependatur.
1629 1178 1836 1212 nequaquam
1869 1177 1927 1200 eos
1968 1176 1978 1189 ⁷

118 1230 200 1263 alias
228 1228 269 1262 ad
299 1229 476 1274 quidquam
514 1232 667 1274 superius
697 1230 876 1263 dominium
915 1233 946 1263 in
976 1229 1140 1263 solvendo
1170 1229 1401 1263 remittendos.
1451 1228 1521 1262 Sub
1552 1228 1668 1262 haruin
1699 1238 1781 1272 quas
1811 1227 1928 1271 sigillis

117 1292 242 1324 nostris
271 1289 422 1323 dedimus
459 1289 583 1323 robore
612 1290 811 1324 litterarum.
860 1290 896 1324 ln
925 1291 978 1324 die
1015 1293 1161 1324 crastino
1190 1289 1353 1324 Johannis
1390 1295 1468 1323 ante
1497 1293 1639 1335 portam,
1680 1299 1767 1322 anno
1806 1288 1928 1321 domini

120 1349 295 1384 millesimo
324 1353 561 1384 trecentesimo
591 1354 807 1396 sexagesimo
837 1356 969 1384 octavo.

428 1419 515 1455 Oriy..
548 1420 638 1455 Perga..
671 1420 689 1445 3
715 1421 806 1455 δίνῃθῐ
836 1430 871 1446 (ιη
899 1421 1024 1447 presset:
1067 1420 1097 1453 Ι)
1123 1430 1146 1445 η,
1173 1420 1204 1451 2)
1230 1419 1249 1453 †
1275 1420 1302 1446 S.
1330 1419 1628 1446 WZSNATHONYS
1655 1415 1852 1457 [ALHERTIj
1880 1419 1931 1443 DE

530 1473 772 1502 LELCUWICZ,
784 1472 974 1507 Zieymih'opf:
988 1473 1021 1503 3)
1030 1472 1050 1507 ’ἲ
1060 1474 1088 1499 S.
1099 1472 1194 1498 11-3501
1206 1471 1288 1497 JNIS.
1301 1473 1336 1498 D.
1348 1471 1536 1498 CVNSTAT.
1554 1471 1617 1497 (Irea'
1628 1470 1742 1497 Balleen.
1754 1487 1795 1490 —-
1807 1471 1834 1496 Ιη
1845 1471 1931 1496 dorso

532 1525 590 1557 auf
608 1525 660 1550 slei·
685 1525 796 1550 rechten
815 1525 886 1550 Seite
911 1527 957 1551 mi!
981 1524 1166 1551 hebraisehen
1185 1523 1379 1549 Buchstaben:
1409 1524 1479 1550 ..Mit
1496 1524 1574 1550 Hitfo
1591 1524 1702 1555 Gottes,
1727 1522 1934 1554 sieliergestellt

535 1578 563 1603 in
596 1577 769 1603 deinselben.
805 1587 834 1603 es
867 1578 977 1603 leucbte
1009 1578 1081 1608 ewie·
1112 1577 1171 1602 sein
1204 1576 1317 1601 Licht.“
1347 1591 1388 1594 ——
1427 1576 1587 1611 Willinyaa.
1621 1575 1715 1609 [ιιι-εΗ.
1750 1575 1933 1600 seha-arzen-

534 1628 694 1663 beryt'sclws
719 1629 833 1655 Art-hir.
859 1629 933 1655 Fam.
960 1628 1100 1655 Lellsore'c.

190 1721 306 1774 119.
1374 1739 1473 1773 1368
1501 1740 1585 1773 Jeme'
1612 1740 1659 1772 24
1691 1739 1879 1772 Jsrawaru.

121 1810 310 1845 Jaroslaus
340 1822 403 1845 ron
434 1811 650 1845 Bodenstadl
681 1809 839 1854 rerlmnft
868 1822 910 1843 (ιη
942 1809 1097 1843 Benesch
1129 1819 1189 1842 ron
1220 1809 1375 1843 lsi-amar
1402 1809 1558 1842 mehrere
1590 1808 1696 1841 Gllter
1727 1810 1758 1841 ίη
1789 1808 1934 1841 Βοκηίίῑ-
1954 1814 1983 1838 ·,’;·

755 1873 814 1915 fili·
844 1871 917 1904 140
947 1870 1083 1903 Selmch‘
1113 1870 1298 1903 Groschen.

278 1940 365 2000 Ego
394 1955 568 1990 Jaroslaus
599 1955 638 1988 de
660 1954 784 1988 Potstat
815 1964 1026 1997 recognosco
1057 1958 1173 1986 tenore
1202 1956 1412 1998 presencium
1444 1955 1624 1987 universis.
1659 1951 1746 1997 quod
1777 1951 1818 1984 de
1847 1951 1931 1984 bona

127 2028 200 2050 mea
230 2017 401 2050 voluntate
439 2021 468 2050 et
500 2021 628 2049 maturo
666 2015 806 2049 consilio
836 2025 984 2048 meorum
1025 2016 1209 2047 amicorum
1239 2013 1412 2058 prehabito
1442 2013 1529 2047 bona
1559 2024 1632 2047 mea
1671 2017 1704 2046 et
1733 2012 1935 2046 hereditates

125 2080 156 2111 in
185 2077 265 2111 villa
304 2076 463 2119 Reznicz.
512 2087 575 2121 que
612 2076 698 2110 bona
737 2080 767 2109 et
808 2075 1010 2108 hereditates
1049 2084 1215 2118 nunquam
1259 2073 1298 2106 ad
1338 2073 1456 2107 nobilis
1500 2074 1624 2107 domini
1663 2072 1859 2107 Benesschii
1897 2071 1936 2105 de

124 2137 267 2171 Crawar
295 2136 471 2182 subscripti
501 2137 762 2182 predecessores
792 2147 900 2180 neque
939 2138 1042 2180 ipsum
1083 2139 1178 2167 antea
1209 2139 1462 2180 spectaverunt.
1501 2134 1629 2168 scilicet
1666 2145 1789 2167 novem
1821 2133 1936 2166 laneos

125 2208 284 2243 agrorum
324 2209 398 2231 cum
428 2197 536 2231 media
576 2196 737 2230 thaberna
776 2196 815 2229 ad
846 2196 983 2229 alterum
1015 2195 1182 2228 dimidium
1214 2195 1363 2240 quartale
1401 2198 1497 2228 unius
1528 2195 1614 2228 lanei
1653 2206 1689 2228 se
1720 2194 1935 2227 extendente.

124 2258 276 2304 predicto
314 2258 448 2292 domino
479 2257 685 2292 Benesschio
724 2262 754 2290 et
785 2260 853 2290 suis
889 2255 1068 2289 heredibus
1109 2255 1311 2289 hereditarie
1349 2255 1446 2301 pleno
1483 2266 1557 2288 cum
1598 2255 1745 2289 dominio
1784 2259 1815 2288 et
1853 2257 1937 2287 iure.

126 2323 223 2364 prout
253 2318 343 2352 solus
372 2321 462 2352 tenui
491 2323 521 2351 et
551 2318 685 2364 possedi
715 2329 732 2351 a
762 2321 844 2351 meis
875 2316 1158 2362 progenitoribus.
1197 2315 1297 2349 nichil
1326 2327 1386 2361 pro
1417 2327 1469 2349 me
1498 2316 1553 2349 vel
1584 2318 1666 2349 ineis
1696 2314 1876 2349 heredibus
1905 2317 1936 2347 in

126 2379 251 2413 eisdem
282 2378 378 2413 bonis
407 2379 541 2413 dominii
562 2379 617 2412 vel
646 2382 726 2412 iuris
755 2378 965 2411 reservando
986 2388 1046 2422 pro
1067 2382 1198 2410 centum
1229 2382 1260 2410 et
1282 2377 1501 2421 quadraginta
1531 2379 1714 2421 sexagenis
1739 2386 1935 2421 grossorum

127 2438 347 2484 pragensium
368 2439 503 2473 vendidi
524 2444 555 2472 et
577 2439 788 2485 presentibus
811 2438 1012 2472 venumdam
1034 2439 1118 2480 (sie)
1140 2436 1341 2479 habendam.
1372 2436 1561 2472 tenendam.
1591 2436 1829 2470 usufruendam
1851 2447 1935 2481 per—
1975 2446 1988 2467 η

128 2502 236 2544 petuis
274 2499 478 2546 temporibus
517 2499 720 2534 hereditarie
763 2510 801 2532 ac
841 2498 944 2532 libere
982 2498 1229 2543 possidendam.
1277 2496 1476 2542 Quiquidem
1515 2497 1602 2530 lanei
1645 2496 1781 2542 quilibet
1820 2507 1934 2529 eorum

128 2563 296 2594 annuatim
326 2572 386 2606 per
406 2560 543 2594 alteram
574 2560 740 2594 dimidiam
772 2570 979 2603 sexagenarii
1010 2558 1234 2604 predictorum
1255 2569 1452 2602 grossorum
1484 2562 1516 2591 et
1536 2561 1605 2603 ipsa
1636 2557 1744 2591 media
1774 2556 1934 2590 thaberua

127 2623 212 2654 sicut
242 2621 379 2654 alterum
409 2621 576 2654 dimidium
607 2621 758 2666 quartale
788 2623 883 2653 unius
913 2620 998 2653 lanei
1027 2630 1190 2653 censuare
1220 2623 1480 2653 consueverunt.
1524 2618 1594 2652 7Nos
1623 2621 1724 2663 igitur
1752 2617 1935 2651 Zawissius

129 2685 162 2714 et
189 2680 294 2715 Potho
324 2681 445 2715 fratres
476 2681 552 2715 dicti
582 2681 622 2715 de
653 2681 777 2715 Potstat
817 2692 877 2726 pro
907 2683 979 2726 ipso
1017 2683 1047 2713 et
1077 2690 1151 2712 cum
1181 2682 1251 2724 ipso
1281 2678 1434 2713 Jaroslao
1471 2689 1634 2723 germano
1664 2683 1778 2712 nostro
1818 2689 1933 2711 omnes

1951 874 1980 897 lt)

1951 1479 1984 1501 13⁴)

1957 2140 1990 2165 30
