2421 3064
950 184 1032 217 1376
1817 179 1883 213 141

85 283 126 316 dc
155 281 397 316 sufficientibus
428 281 626 316 victualibus
656 282 858 327 providerc;
900 285 942 315 ita
973 282 1059 327 quod
1090 283 1282 315 nominatim
1313 286 1345 314 et
1374 291 1536 327 expresse
1566 280 1651 314 idem
1682 285 1892 327 praepositus

86 342 220 377 cuilibet
248 345 386 388 pauperi
417 341 547 375 infirmo
577 343 710 386 degenti
741 345 771 376 in
802 342 954 388 hospitali
984 341 1135 388 praefato
1165 342 1305 386 singulis
1335 345 1429 375 annis
1468 344 1497 374 in
1529 341 1583 375 die
1612 352 1739 375 coenae
1770 342 1892 375 domiui

85 414 102 436 a
131 403 205 437 data
234 404 460 448 praesentium
491 406 621 436 inantea
661 414 721 448 pro
751 406 873 437 vestitu
908 413 970 436 sex
999 403 1093 436 ulnas
1122 405 1220 448 panni
1251 413 1428 435 mensurae
1458 402 1654 436 Moravicae
1684 402 1723 434 ad
1753 405 1893 447 pretium

84 464 222 497 duorum
252 474 449 507 grossorum
488 474 548 508 pro
588 464 663 496 ulna
703 466 733 496 in
764 467 958 509 perpetuum
998 463 1079 497 dare
1117 467 1269 496 teneatur
1306 467 1339 496 ct
1368 462 1499 503 debeat,
1538 467 1570 496 ct
1598 474 1696 495 unum
1736 473 1893 507 grossum

84 523 288 568 Pragensem
319 534 378 568 pro
407 528 548 556 sartura.
580 523 619 557 Et
641 527 667 557 si
688 527 874 569 quempiam
905 524 1014 557 talium
1047 534 1227 569 pauperum
1257 523 1462 556 infirmorum
1494 526 1576 556 mori
1598 527 1653 556 aut
1674 522 1714 556 dc
1735 522 1890 568 hospitali

84 585 247 618 recedere
275 586 386 617 animo
421 595 487 617 non
526 585 720 618 revertendi
749 588 971 629 contingeret,
1011 589 1134 617 extunc
1172 584 1258 617 idem
1289 587 1510 628 praepositus,
1549 586 1602 628 qui
1639 595 1699 629 pro
1739 588 1891 628 tempore

84 645 195 687 suerit,
225 647 309 678 intra
339 644 455 678 decem
486 644 556 677 dies
586 656 603 677 a
634 645 686 678 die
723 648 838 679 mortis
867 645 923 679 vel
959 655 1116 679 recessus
1146 644 1256 678 talium
1287 644 1384 677 alium
1416 644 1469 677 vel
1507 644 1589 677 alios
1626 647 1656 677 in
1687 644 1794 677 locum
1825 644 1892 677 de-

84 705 233 739 cedentis
262 709 317 738 aut
344 704 535 738 recedentis
565 716 748 750 surrogarc
779 705 897 739 debeat
926 708 997 740 sine
1027 705 1155 745 fraudeq
1185 709 1218 738 ut
1238 715 1397 738 numerus
1427 707 1496 750 ipsc
1518 704 1677 737 tredecim
1707 715 1890 750 pauperum

84 770 215 811 integer
243 768 399 799 contiuuo
429 770 561 798 maneat
590 770 622 798 et
652 766 852 811 completus.

238 825 280 859 Et
308 836 381 859 curn
412 826 513 859 solius
553 826 606 859 dei
635 829 675 859 sit
705 827 872 860 hominum
912 826 1097 861 mortalium
1138 828 1338 859 intentiones
1377 829 1409 858 et
1437 824 1539 858 corda
1578 824 1711 858 firmare
1749 830 1781 858 et
1810 825 1890 859 nihil

85 890 126 922 sit
153 897 392 932 usquequaque
422 886 584 929 durabile7
615 889 676 920 nisi
707 888 791 932 quod
823 890 925 933 ipsius
955 886 1085 921 bonitas
1115 886 1290 930 stabiliret,
1320 889 1475 931 quantum
1507 890 1615 918 tamen
1645 888 1676 918 in
1705 885 1800 919 nobis
1830 889 1891 928 est„

85 953 154 982 toto
182 952 318 981 nostrae
349 947 535 981 devotionis
565 947 683 981 affectu
713 949 900 982 antedictos
929 950 1155 994 praepositum
1190 952 1222 980 et
1251 949 1432 980 canonicos
1462 957 1501 978 ac
1530 951 1732 979 conventum
1764 945 1891 979 Stern-

84 1008 263 1053 bergensis
294 1008 426 1051 collegii
456 1010 560 1041 nostri
581 1012 611 1041 et
633 1019 852 1041 successores
882 1019 997 1041 eorum
1028 1019 1199 1052 rogamus,
1230 1009 1430 1052 requirimus
1460 1012 1491 1039 et
1512 1006 1684 1040 hortamur
1704 1010 1736 1040 iu
1758 1007 1891 1040 domino

89 1073 122 1102 et
149 1080 209 1114 per
238 1071 372 1102 viscera
402 1068 654 1102 misericordiae
684 1069 735 1102 dei
767 1071 869 1102 nostri
907 1069 1100 1114 suppliciter
1129 1068 1358 1107 obsecramusq
1396 1071 1430 1100 ut
1459 1069 1520 1112 ipsi
1549 1071 1581 1100 et
1609 1078 1724 1100 eorum
1755 1067 1890 1111 quilibet

88 1130 300 1164 considerato
329 1134 465 1162 nostrae
496 1129 685 1163 devotionis
714 1132 885 1174 proposito
916 1134 946 1162 et
977 1128 1159 1171 beneficiis„
1198 1139 1283 1173 quae
1312 1128 1493 1161 secundum
1514 1130 1655 1171 gratiam
1676 1132 1846 1172 acceptam
1868 1138 1886 1160 a

86 1191 219 1225 domino
249 1193 455 1235 impartimur
475 1190 613 1228 eisdem,
644 1190 853 1235 supradictas
882 1194 1015 1224 nostras
1045 1190 1285 1232 ordinationes.
1315 1189 1550 1234 dispositiones
1575 1192 1606 1221 et
1626 1188 1771 1221 ultimam
1794 1192 1892 1232 atque

86 1253 368 1285 testamentariam
390 1250 596 1283 voluntatem
627 1250 746 1283 all'ectu
777 1255 928 1296 prompto
958 1253 1141 1295 suscipiant
1170 1254 1201 1282 et
1226 1249 1358 1282 devotis
1388 1251 1418 1282 in
1449 1249 1583 1282 domino
1612 1252 1710 1293 atque
1740 1247 1893 1281 felicibus

87 1312 202 1346 studiis
232 1315 481 1356 exsequanturg
528 1314 570 1343 ita
601 1311 686 1356 quod
723 1322 789 1344 non
820 1311 903 1344 desit
941 1313 989 1343 cis
1020 1310 1154 1343 devotio
1194 1309 1313 1343 futuris
1342 1320 1485 1354 unquam
1518 1308 1735 1354 temporibus„
1775 1307 1894 1353 quibus

87 1377 199 1406 nostra
229 1382 294 1405 non
333 1371 455 1405 defecit
493 1372 624 1405 affectio
653 1375 684 1405 in
715 1371 935 1416 infrascriptis
973 1376 1005 1404 et
1034 1373 1131 1404 etiam
1171 1368 1450 1415 praecedentibus
1489 1369 1660 1414 stipendiis
1698 1368 1891 1413 largiendis.

87 1433 170 1467 Nam
208 1437 343 1478 praeter
381 1433 607 1475 donationem,
651 1435 881 1476 erogationem
922 1437 952 1465 et
982 1431 1161 1476 benignam
1191 1430 1401 1474 largitionem
1432 1430 1677 1475 praedictorum
1716 1429 1892 1471 redituum,

86 1504 246 1527 censuum
286 1498 318 1527 et
353 1493 529 1533 fructuum,
574 1504 656 1538 quos
695 1497 727 1525 et
764 1504 849 1538 quae
888 1492 982 1525 dictis
1017 1494 1220 1537 praeposito5
1259 1493 1428 1524 canonicis
1470 1494 1503 1523 et
1541 1492 1720 1523 conventui
1758 1489 1892 1534 collegii

88 1553 367 1599 Sternbergensis
411 1554 537 1599 pridem
584 1556 615 1586 in
663 1556 734 1599 ipso
781 1553 982 1586 fundationis
1029 1551 1169 1585 exordio
1212 1555 1325 1584 nostra
1363 1550 1549 1584 sollicitudo
1587 1549 1764 1595 praevidit,
1814 1552 1892 1594 ipsis

87 1618 185 1649 etiam
228 1625 315 1648 nunc
358 1614 398 1648 de
440 1625 529 1648 novo
567 1617 599 1647 in
637 1617 850 1658 augmentum
891 1613 967 1646 boni
1006 1616 1110 1645 status
1148 1622 1276 1653 corum,
1322 1615 1354 1644 et
1390 1615 1424 1643 ut
1461 1621 1501 1644 eo
1540 1611 1656 1644 melius
1694 1613 1823 1656 seipsos
1861 1612 1892 1643 in

88 1677 291 1709 monasterio
330 1679 362 1708 et
389 1677 571 1720 praecipue
609 1685 775 1719 pauperes
814 1672 961 1706 infirmos
998 1675 1029 1705 in
1059 1672 1213 1718 hospitali
1251 1682 1324 1704 cum
1355 1670 1555 1705 victualibus
1594 1673 1721 1704 nutrire
1759 1675 1892 1704 etcum

86 1738 288 1770 necessariis
316 1739 406 1769 vitae
435 1746 618 1780 procurare
647 1735 791 1770 valeant.
822 1739 854 1767 et
883 1738 915 1767 ut
945 1736 1043 1767 etiam
1073 1731 1242 1778 praefatos
1271 1731 1404 1764 labores
1434 1736 1466 1764 et
1494 1742 1597 1764 onera
1628 1734 1737 1764 animo
1767 1730 1892 1774 benig-

87 1800 181 1831 niore
217 1799 414 1834 slistineanh
453 1800 486 1829 et
524 1807 597 1829 cum
637 1795 701 1829 hoc
739 1794 891 1828 omnibus
930 1792 1183 1828 successoribus
1218 1803 1334 1825 eorum
1364 1791 1573 1837 infrascripta
1603 1791 1702 1833 bona„
1739 1791 1895 1824 videlicet

88 1858 198 1891 villam
229 1857 429 1893 Rosczenie‚
470 1856 614 1890 Cladrub
650 1856 790 1890 incluso.
830 1866 902 1888 cum
942 1857 1031 1887 curia
1062 1853 1223 1895 allodiari,
1262 1852 1367 1891 silvis,
1407 1855 1521 1898 pratis„
1560 1854 1706 1898 pascuis7
1745 1854 1893 1897 piscinis.

88 1921 193 1963 aquiS.
224 1929 382 1963 aquarum
413 1917 609 1951 decursibus
639 1922 671 1950 et
692 1916 802 1950 villam
825 1915 1040 1949 Tworowicz
1071 1925 1143 1947 cum
1175 1916 1266 1947 curia
1288 1913 1451 1947 allodiari.
1480 1916 1595 1958 pratis.
1625 1915 1769 1958 pascuis,
1799 1915 1894 1957 aquis

88 1990 152 2012 nec
180 1990 245 2012 non
267 1990 340 2012 cuin
362 1977 514 2012 omnibus
543 1977 681 2019 iuribus,
710 1976 914 2010 utilitatibus.
945 1978 1061 2008 annuis
1091 1973 1259 2016 censibus.
1289 1973 1462 2011 fructibus
1492 1973 1632 2008 iudiciis.
1663 1973 1760 2018 pleno
1781 1972 1894 2006 domi-

88 2042 156 2081 nio7
185 2042 390 2084 proprietate
419 2043 449 2072 et
475 2041 683 2084 pertinentiis
712 2040 880 2071 universis
909 2036 948 2069 ad
971 2036 1055 2069 dicta
1084 2034 1171 2068 bona
1201 2039 1233 2067 et
1252 2034 1348 2068 villas
1378 2033 1627 2078 quomodolibet
1656 2032 1893 2078 spectantibus,

89 2099 168 2133 nihil
197 2099 305 2143 nobis,
335 2098 435 2133 nobili
465 2102 538 2133 viro
568 2098 666 2132 Petro
705 2099 744 2131 de
775 2097 961 2141 Sternberg
999 2098 1111 2141 nepoti
1149 2099 1264 2128 nostro
1298 2097 1485 2130 carissimo.
1517 2093 1717 2127 haeredibus
1747 2098 1779 2126 et
1807 2104 1893 2127 suc-

88 2160 280 2195 cessoribus
309 2163 431 2193 nostris
470 2162 500 2193 in
531 2158 649 2192 talibus
687 2158 782 2192 bonis
820 2162 852 2191 et
881 2158 968 2191 villis
1006 2157 1116 2201 aliquo
1155 2156 1253 2188 niodo
1287 2159 1518 2197 reservantes,
1557 2157 1666 2187 animo
1697 2153 1892 2195 deliberato,

89 2232 171 2255 sano
200 2223 298 2254 etiam
328 2223 510 2254 amicorum
549 2224 580 2253 et
610 2219 754 2253 fidelium
793 2223 981 2252 nostrorum
1020 2216 1203 2249 accedente
1241 2215 1380 2249 consilio
1418 2214 1459 2248 de
1488 2218 1580 2248 certa
1617 2217 1716 2248 etiam
1754 2217 1893 2247 scientia

89 2286 123 2315 et
141 2281 240 2327 pleno
269 2292 436 2315 consensu
466 2280 606 2326 praefati
626 2280 713 2314 Petri
743 2280 783 2313 de
805 2278 991 2322 Sternberg
1019 2279 1124 2310 nostri
1147 2279 1277 2321 nepotis
1297 2276 1425 2318 damus,
1455 2274 1660 2308 conferimus
1681 2278 1714 2307 et
1734 2274 1894 2307 donamus

89 2347 121 2376 et
149 2343 190 2376 de
219 2341 444 2376 munificentia
473 2345 587 2375 nostra
617 2344 797 2386 gratiosius
835 2340 1018 2383 elargimur
1055 2337 1095 2370 ad
1126 2336 1324 2377 babendum7
1366 2335 1555 2375 tenendum,
1595 2334 1832 2381 possidendum
1863 2339 1895 2368 et

91 2402 330 2437 usufruendum
362 2405 532 2448 perpetuis
562 2401 767 2446 temporibus
797 2400 934 2446 paciticc
964 2402 996 2431 et
1024 2401 1146 2442 quiete.

243 2462 284 2496 Et
322 2474 383 2496 nos
422 2462 540 2496 Petrus
578 2462 618 2496 de
658 2460 847 2505 Sternberg
885 2464 980 2493 natus
1017 2457 1136 2491 nobilis
1163 2460 1228 2491 viri
1266 2456 1431 2502 quondam
1471 2456 1594 2490 domini
1628 2456 1816 2489 Sdenconis
1855 2454 1896 2487 de

89 2523 278 2568 Sternberg
305 2528 417 2557 notum
448 2522 588 2556 facimus
627 2527 744 2555 tenore
782 2523 1007 2567 praesentium
1038 2520 1217 2560 universis,
1256 2517 1341 2562 quod
1381 2516 1591 2550 attendentes
1620 2515 1895 2550 reverendissimi

91 2587 123 2617 in
149 2583 281 2617 Christo
310 2587 412 2629 patris
441 2594 482 2617 ac
501 2583 623 2617 domini
650 2583 771 2616 domini
794 2580 924 2615 Alberti
944 2578 1230 2613 Luthomuslensis
1259 2580 1419 2623 episcopi.
1450 2580 1556 2622 patrui
1585 2579 1690 2610 nostri
1720 2578 1894 2618 carissimu

1931 529 1947 554 231

1911 830 1945 855 10

1912 1131 1946 1156 15

1915 2036 1949 2061 30

1913 2338 1948 2364 35

90 2647 178 2690 pium
208 2649 240 2678 et
266 2644 431 2678 laudabile
460 2647 677 2690 propositum,
717 2653 781 2687 quo
811 2646 843 2675 et
881 2644 1010 2674 animae
1040 2641 1294 2685 progenitorum
1323 2642 1515 2671 nostrorum
1546 2648 1699 2682 magnam
1731 2636 1892 2670 consola-
1912 2640 1946 2665 40
