2421 3064
497 196 543 226 suu
1365 197 1445 228 1350

496 300 727 333 donat-ionem.
767 298 939 330 ‹lat-ionem
980 301 1009 328 et
1045 296 1263 328 eollaeionem
1302 307 1340 328 ae
1381 294 1637 327 translacionem
1678 296 1758 327 iuris
1797 299 1990 339 patronatus
2029 300 2062 329 et
2090 296 2235 329 ecclesie
2274 299 2305 330 in

498 359 685 404 &pt-tomo.
716 358 914 403 supradietis
944 356 1112 389 abbatisse
1142 361 1171 388 et
1194 358 1374 388 conventui
1405 367 1442 387 ae
1471 357 1674 387 monasterio
1704 366 1764 400 per
1794 358 1896 400 ipsum
1928 355 2095 390 dominum
2120 356 2304 402 Nyeolaum

496 421 598 453 laetas
621 419 858 461 gratitiramus.
891 417 1103 451 ratitieamus.
1135 416 1370 462 approbamus.
1401 418 1646 448 auctorizamus
1675 419 1707 448 et
1729 420 1845 449 tenore
1875 419 2084 461 presencium
2107 420 2305 450 auctoritate

496 482 662 514 ordinaria
702 480 741 512 de
771 483 861 511 eerta
902 483 1013 511 nostra
1053 481 1198 511 seieneia
1233 476 1469 509 eonlirmamus
1499 475 1687 520 dictamque
1726 479 1754 509 in
1787 476 1976 521 Nyelowitz
2014 477 2191 511 ecelesiam
2231 489 2305 511 cum

457 557 460 564 ·
498 542 664 575 censibus.
697 539 889 573 redditibus.
922 538 1151 584 proventibus.
1182 536 1459 571 otu-em-iomtius.
1496 535 1632 571 inritms.
1669 536 1902 570 emolumentis
1937 542 1967 570 et
2000 541 2165 572 universis
2197 541 2306 584 perti-

450 855 478 875 tt·

447 1461 478 1482 ’.Ἢ

449 2068 480 2086 52¹·

498 614 624 635 nent-ns
659 605 725 633 >nis
770 600 887 632 habitis
926 605 956 632 et
989 598 1160 632 habendis.
1200 600 1377 643 preteritis.
1418 597 1627 642 presentibus
1666 601 1697 629 et
1728 597 1844 630 suturis
1873 598 2047 632 antedictis
2077 598 2244 632 abbatisse
2274 603 2305 632 et

498 666 676 695 eminentia
708 674 745 694 ae
768 663 972 693 monasterio
1003 659 1119 692 eadem
1151 661 1348 691 :metoritate
1378 657 1547 691 ordinaria
1579 661 1843 703 incorptwamus.
1874 662 2082 693 annectimus
2112 664 2144 693 et
2164 662 2305 702 iniimus,

498 730 537 757 ita
570 723 722 755 xidelieet
764 727 807 754 ut.
839 726 1010 766 postquam
1056 724 1273 753 memoratum
1313 719 1480 752 dominum
1512 718 1697 764 Nyeolaum
1735 719 1775 752 de
1805 719 1888 753 dieta
1919 720 2062 753 ecclesia
2100 721 2223 754 cedere
2254 720 2306 754 vel

497 785 536 816 at»
567 784 626 816 hae
659 787 724 815 xita
764 782 930 815 deeedere
962 793 1050 814 iussu
1081 781 1193 813 dixino
1224 782 1415 821 eontigerit.
1454 779 1620 812 abbatissa
1659 784 1691 813 et
1721 785 1908 813 conventus
1938 781 2056 826 prel'ati
2094 781 2133 814 ad
2165 781 2305 814 eandem

497 845 674 877 eeclesiam
706 843 916 876 sacerdotem
941 842 994 875 vel
1026 842 1182 874 clericum
1215 840 1382 885 ydoneum
1414 840 1508 873 uobis
1531 840 1582 874 vel
1614 843 1804 874 successori
1835 846 1950 875 nostro
1980 844 2139 887 episcopo
2162 841 2306 875 Olomu-

497 909 600 938 censi.
638 908 690 949 qui
722 915 781 949 pro
812 908 961 948 tempore
993 903 1101 936 t'uerit.
1141 901 1283 934 debeant
1313 906 1509 946 presentare
1548 904 1578 934 in
1609 905 1803 947 perpetuum
1843 904 1913 935 eius
1944 905 2105 935 vicarium
2145 905 2307 935 cantmiee

497 965 770 999 eontirmamlum⁴
803 965 861 997 vui
892 964 1022 1008 quidem
1055 965 1181 995 xit-ario
1221 966 1251 995 et
1282 965 1353 995 eius
1383 961 1637 995 suecessoribus
1668 973 1728 1007 per
1757 965 2047 1007 presentacionem
2078 962 2245 996 abbatisse
2275 967 2306 996 et

497 1030 683 1059 eom-entus
722 1025 904 1059 eorundem
945 1029 974 1057 et
1015 1026 1162 1069 1=piseopi
1204 1025 1448 1056 institucionem
1489 1022 1688 1056 intrantibus
1725 1023 1930 1056 oll'ertorium
1971 1028 2001 1057 et
2040 1028 2236 1058 testamenta
2275 1027 2307 1057 et

498 1088 606 1124 leuata
645 1086 788 1119 fidelium
828 1090 857 1118 et
889 1088 1014 1118 curiam
1053 1096 1124 1117 eum
1166 1095 1228 1117 una
1259 1083 1344 1117 bona
1383 1088 1529 1120 aratura,
1569 1094 1633 1128 que
1663 1094 1798 1129 semper
1831 1087 1988 1129 pertinuit
2026 1088 2058 1117 et
2086 1087 2230 1130 pertinet
2267 1084 2307 1118 ad

498 1148 658 1181 enltnram
690 1146 833 1192 plebani.
865 1149 939 1179 item
972 1150 1075 1191 prata.
1109 1144 1223 1178 rubeta
1254 1149 1286 1178 et
1317 1149 1408 1177 ortos
1438 1144 1578 1181 dotales
1609 1147 1684 1177 item
1716 1144 1848 1190 plenam
1879 1144 2041 1178 decimam
2073 1148 2103 1178 in
2125 1147 2251 1191 campis
2272 1145 2313 1179 de

499 1221 559 1242 uua
600 1212 690 1241 euria
734 1211 762 1240 in
794 1207 869 1240 xilla
902 1207 1126 1251 Dunayowitz
1156 1208 1287 1240 situata.
1328 1208 1404 1239 item
1435 1205 1551 1251 plenas
1581 1205 1728 1239 decimas
1758 1205 1836 1238 ville
1865 1205 2073 1251 VVyrowitm
2104 1209 2179 1239 item
2211 1209 2311 1239 totam

500 1274 655 1302 inunitam
697 1269 871 1301 deeimam.
912 1279 1009 1312 (ptam
1036 1278 1052 1300 a
1085 1266 1274 1312 plebesanis
1305 1269 1406 1311 ipsius
1437 1266 1580 1299 ecclesie.
1610 1265 1771 1311 plebanus
1802 1277 1937 1311 semper
1966 1270 2142 1301 cousuevit
2172 1265 2311 1302 habere.

502 1342 560 1376 pro
589 1332 841 1363 sustentacione
872 1333 900 1362 et
933 1327 1189 1361 necessitatibus
1219 1327 1364 1361 ecclesie
1394 1331 1425 1360 et
1446 1329 1514 1360 suis
1544 1331 1575 1360 et
1598 1329 1824 1361 ministrorum
1855 1327 1999 1361 ecclesie
2029 1339 2068 1361 ac
2089 1327 2312 1372 hospitalitate

499 1391 665 1424 servanda
710 1401 840 1423 necnon
884 1388 1068 1434 papalibus.
1113 1386 1466 1433 archiepiscopalibuQ
1514 1387 1772 1433 episcopalibus,
1819 1387 2143 1422 archidiaconalibus
2187 1387 2312 1422 iuribus

500 1451 731 1497 persolvendis
761 1462 799 1483 ae
820 1450 891 1483 aliis
921 1449 981 1483 sibi
1003 1454 1033 1482 et
1051 1449 1160 1483 eidem
1191 1449 1336 1482 ecclesie
1363 1447 1629 1482 incumbentibus
1658 1449 1892 1494 supportandis
1922 1448 2080 1483 oneribus
2115 1449 2312 1494 deputamus

499 1518 527 1545 et
552 1517 668 1545 tenore
697 1514 907 1557 presencium
939 1514 1163 1553 assignamus,
1194 1513 1303 1544 onmia
1325 1510 1387 1543 alia
1418 1514 1448 1542 et
1468 1509 1611 1553 singula„
1633 1520 1831 1554 quecunque
1857 1509 1999 1543 ecelesia
2021 1512 2090 1555 ipsa
2121 1509 2161 1542 de
2183 1509 2311 1555 reliquo

501 1573 596 1605 habet
637 1577 669 1605 et
699 1571 824 1605 habere
862 1574 1005 1616 potuerit.
1043 1575 1106 1604 tam
1145 1574 1175 1604 in
1205 1571 1344 1604 decimis
1380 1569 1561 1603 maioribus
1599 1580 1695 1614 quam
1727 1570 1798 1604 aliis
1828 1569 2104 1615 qutlmscunxqum
2139 1569 2252 1603 usibus
2281 1573 2314 1603 et

501 1636 705 1678 proprietati.
747 1635 806 1666 iuri
846 1637 874 1665 et
907 1632 1034 1665 utilitati
1065 1630 1234 1664 abbatisse
1264 1635 1295 1663 et
1324 1635 1512 1664 conventus
1548 1635 1581 1664 et
1610 1634 1802 1665 monasterii
1841 1631 2084 1664 antedictorum
2124 1641 2183 1676 per
2216 1641 2310 1664 suum

500 1698 753 1739 procuratorem
776 1693 829 1726 vet
859 1696 1027 1728 nuncium.
1058 1703 1157 1737 quem
1187 1691 1226 1724 ad
1250 1691 1313 1725 hoe
1343 1692 1472 1735 eligere
1503 1696 1535 1725 et
1555 1692 1715 1737 deputare
1745 1694 1950 1734 curaverint³
1980 1691 2182 1735 colligenda,
2212 1693 2306 1725 reci-

501 1754 618 1799 pienda
657 1758 685 1787 et
717 1757 886 1799 perpetuis
916 1753 1144 1787 convertenda
1175 1752 1380 1798 temporibus
1415 1753 1604 1798 supradicta
1635 1755 1833 1786 auctoritate
1863 1752 2029 1786 ordinaria
2060 1751 2308 1786 confirmantes.

503 1815 537 1848 tit
570 1819 706 1860 propter
735 1814 965 1848 liberalitatem
997 1814 1072 1847 dicti
1104 1814 1227 1847 domini
1258 1812 1412 1859 byn-olai,
1444 1824 1541 1858 quam
1571 1816 1601 1846 in
1631 1813 1693 1847 hac
1722 1818 1828 1859 parte-
1847 1816 1900 1859 pio
1930 1816 1999 1857 egit
2028 1813 2159 1856 affectu,
2191 1817 2309 1846 tenore

499 1878 708 1920 presencium
747 1880 942 1913 statuentes,
983 1879 1015 1908 ut
1054 1878 1241 1920 parentum,
1281 1873 1418 1907 fratrum
1459 1878 1490 1907 et
1530 1877 1783 1919 progenitorum
1814 1885 1949 1907 suorum
1985 1876 2237 1908 anniversarius
2267 1877 2311 1915 et,

499 1941 670 1981 postquam
702 1941 779 1969 nutu
811 1936 863 1969 dei
897 1936 937 1969 ab
968 1935 1030 1969 hae
1059 1935 1133 1968 luce
1163 1937 1372 1979 migraverit.
1412 1946 1490 1968 suus
1520 1937 1624 1968 eciam
1656 1937 1907 1968 anniversarius
1937 1946 1997 1980 per
2026 1945 2131 1968 annos
2160 1933 2311 1978 singulos

499 2000 528 2030 in
559 1998 725 2030 antedicto
756 2000 960 2030 nimiasterio
999 2001 1164 2041 tamquam
1204 2007 1264 2041 pro
1294 1995 1519 2040 singularibus
1549 1998 1620 2029 eins
1651 1995 1922 2029 benefactoribus
1952 2000 2114 2041 perpetuo
2143 1995 2307 2040 sollemp-

501 2061 584 2090 niter
623 2060 676 2094 assi
715 2057 832 2090 debeat
873 2060 1000 2103 ipsique
1038 2068 1076 2090 ac
1116 2059 1186 2102 ipse
1224 2061 1298 2102 post
1334 2056 1457 2089 obitum
1496 2067 1589 2090 suum
1629 2059 1660 2089 in
1690 2056 1879 2090 cottidianis
1918 2056 2142 2100 oracionibus‚
2172 2055 2308 2101 vigiliis,

499 2121 626 2151 ieiuniis
666 2123 695 2151 et
737 2118 1032 2152 obsecracionibus
1075 2119 1212 2163 aliisque
1253 2121 1315 2164 piis
1353 2117 1510 2163 operibus
1545 2119 1632 2151 inter
1669 2122 1802 2151 ceteros
1841 2116 2077 2150 benefactores
2116 2118 2309 2150 monasterii

501 2178 612 2210 haberi
644 2179 884 2223 specialissime
913 2179 1147 2212 commendati.
1180 2179 1214 2212 ln
1236 2190 1376 2224 quorum
1407 2182 1550 2212 omnium
1582 2180 1805 2212 testimonium
1837 2182 1868 2210 ct
1898 2177 2084 2211 iii-mitatem
2115 2181 2308 2223 perpetuam

502 2243 672 2283 presentes
711 2239 836 2272 litteras
876 2239 945 2273 lieri
985 2243 1139 2273 iussimus
1178 2239 1362 2284 sigillorum
1399 2244 1589 2272 nostrorum
1628 2241 1833 2284 appensione
1872 2241 2024 2272 munitas.
2073 2237 2143 2272 Nos
2178 2248 2311 2283 quoque

501 2299 610 2331 divina
643 2300 857 2343 providencia
880 2300 1051 2334 ,Iohannes
1072 2303 1274 2346 prepositus,
1296 2300 1422 2345 W'Vytco
1452 2299 1722 2345 archidyaconus
1743 2303 1774 2332 et
1795 2299 1972 2345 capitulum
1995 2299 2139 2332 ecclesie
2160 2298 2310 2331 Olomu-

449 2365 478 2385 ἰδ
501 2362 622 2392 censis.
655 2360 765 2393 habito
795 2372 895 2406 super
917 2361 990 2394 hiis.
1021 2373 1084 2405 que
1115 2364 1267 2406 superius
1288 2361 1418 2406 plenius
1441 2365 1652 2403 enarrantur„
1682 2371 1754 2393 cum
1786 2360 1976 2393 reverendo
1998 2363 2027 2392 in
2050 2358 2183 2392 Christo
2212 2362 2307 2404 patre

500 2431 538 2451 ae
569 2420 700 2452 domino
731 2426 844 2453 nostro
875 2422 1007 2454 domino
1028 2420 1182 2454 Johanne
1212 2425 1371 2467 episeopo
1393 2421 1607 2455 Olomucensi
1638 2421 1786 2465 diligenti
1816 2425 1957 2454 tractatu
1987 2424 2019 2453 et
2048 2419 2308 2461 deliberacione,

500 2483 574 2523 quia
597 2480 814 2513 donacionem
839 2486 867 2514 et
890 2482 1119 2515 eollacionem.
1143 2482 1411 2521 translacionemq
1438 2484 1748 2527 incorporacionem
1771 2486 1803 2514 et
1823 2484 1992 2521 unionem,
2015 2480 2308 2526 approbactmem,

501 2543 803 2574 anetorizaeionem
826 2546 855 2574 et
878 2542 1171 2576 eontiriuaeionem
1193 2542 1361 2587 predictas
1382 2542 1422 2575 de
1443 2545 1513 2575 iure
1533 2546 1727 2587 patronatus
1758 2547 1789 2575 et
1810 2542 1953 2576 eeclesia
1974 2545 2043 2586 ipsa
2065 2544 2097 2574 in
2117 2540 2311 2586 Nyclowitz

503 2612 539 2633 ae
570 2612 639 2633 etus
670 2604 882 2645 pertinenciis
913 2606 1066 2647 superius
1096 2606 1272 2636 nominatis
1303 2603 1407 2636 saetas
1446 2614 1485 2636 ac
1514 2606 1675 2648 premissa
1706 2606 1816 2636 omnia
1847 2607 1879 2635 et
1908 2602 2037 2647 singula
2068 2601 2171 2635 divini
2201 2601 2311 2635 cultus

504 2660 639 2694 ellieere
671 2662 820 2694 videmus
857 2667 885 2695 et
918 2663 1059 2695 vidimus
1098 2667 1338 2697 incrementum
1379 2668 1409 2697 et
1439 2674 1496 2697 eas
1526 2668 1558 2697 et
1587 2675 1625 2696 ea
1655 2666 1765 2697 onmia
1804 2667 1837 2696 et
1865 2662 1993 2708 singula
2030 2666 2118 2696 ratas
2149 2661 2312 2695 habentes
