2421 3064
976 240 1058 272 1:379
1844 233 1857 266 ‘l
1869 234 1914 267 tiu

107 338 300 385 putandum„
337 349 434 383 quam
473 338 604 383 quidem
644 342 817 383 pecuniam
854 338 991 384 prefatis
1021 338 1106 371 hona
1137 342 1250 370 nostra
1283 337 1344 370 lide
1374 336 1499 381 absque
1529 336 1603 369 dolo
1634 339 1855 382 promittimus
1886 340 1915 369 iu

108 398 193 432 festo
222 401 327 432 sancti
357 397 531 432 Michaelis
560 402 713 443 proxime
744 403 887 432 venturo
917 398 1116 444 persolvere
1147 397 1291 431 indilate.
1342 398 1414 438 Quo
1444 408 1509 430 non
1540 397 1628 430 facto
1659 408 1738 430 mox
1767 397 1807 430 ad
1838 408 1912 430 mo-

108 461 274 492 nicionem
304 458 522 492 Bohuukonis
561 459 679 504 prefati
718 470 777 493 seu
807 458 969 493 Peskonis
1007 458 1048 492 dc
1076 457 1221 491 Zdanicz
1260 462 1312 490 aut
1344 457 1505 491 Mirkonis
1546 458 1585 490 de
1615 457 1777 491 Smrczan
1808 460 1916 502 quivis

107 530 180 552 cum
210 530 275 552 uno
305 519 423 552 famulo
453 524 485 552 et
516 519 645 553 duobus
674 522 767 564 equis
796 523 827 553 in
858 522 994 553 civitate
1015 518 1149 552 Brunua
1180 519 1278 552 domo
1309 518 1450 551 honesta
1483 529 1541 563 per
1570 519 1755 551 creditores
1785 523 1916 551 nostros

107 579 261 624 deputata
299 579 444 613 debitum
483 580 614 613 solitum
651 584 682 613 et
719 584 914 613 consuetum
955 579 1141 624 obstagium
1182 578 1368 611 tenebimur
1403 583 1433 611 et
1464 581 1684 623 promittimus
1714 578 1915 612 subintrare.
1954 585 1970 607 ι’,

107 639 143 673 Si
181 643 290 672 autem
329 640 553 685 personaliter
582 639 768 685 obstagium
808 651 873 673 non
902 650 1078 685 possemus
1107 638 1305 674 observare.
1345 643 1469 671 extunc
1500 638 1633 683 quilibet
1664 644 1810 673 nostrum
1842 639 1916 672 loco

107 702 208 745 ipsius
247 710 427 745 personam
459 701 624 746 ydoneam
659 700 700 734 ad
730 700 918 745 obstagium
949 702 1147 745 premissum
1177 699 1393 745 presentabit.
1434 702 1512 744 ipsis
1541 700 1764 733 creditoribus
1794 702 1916 732 nostris

107 763 306 806 promissum
351 761 586 806 adimplentur,
631 772 714 794 unus
750 772 850 806 super
892 761 989 794 alium
1028 771 1096 794 non
1124 759 1313 793 iudicando.
1364 759 1494 804 Elapsis
1524 764 1633 792 autem
1665 760 1916 805 quatuordecim

107 820 224 854 diebus
262 824 427 854 continuis
457 832 474 854 a
505 821 593 855 dicto
622 821 803 855 solucionis
833 824 975 855 termino
1005 824 1146 866 prestito
1176 823 1248 866 ipso
1279 819 1433 863 obstagio
1463 820 1517 852 vel
1548 831 1623 853 nou.
1662 821 1746 854 dicta
1778 824 1916 866 pecunia

107 892 173 915 non
210 881 392 926 persoluta,
429 886 553 915 extunc
591 881 710 927 prefati
748 881 915 915 habebunt
953 881 1090 914 liberam
1130 886 1160 915 et
1202 880 1426 914 omnimodam
1465 885 1662 926 potestatem
1693 892 1792 927 supra
1823 882 1918 914 dictis

108 944 245 986 vigintis
283 945 405 975 marcis
443 953 543 987 super
582 942 721 987 dampna
760 947 875 976 nostra
913 945 944 975 in
983 942 1121 976 solidum
1162 944 1314 986 recipcre
1352 944 1437 974 inter
1466 940 1591 974 Judeos
1626 947 1677 975 aut
1710 941 1918 975 Christianos

108 1005 336 1048 suprascripto
375 1001 528 1047 obstagio
565 1013 630 1035 non
661 1007 827 1044 cessante,
866 1013 1039 1048 quousque
1068 1003 1217 1048 capitalis
1246 1004 1387 1047 pecunia
1419 1012 1491 1034 cum
1523 1004 1689 1035 universis
1719 1007 1749 1035 et
1779 1002 1918 1047 singulis

109 1061 259 1107 dampnis
294 1062 416 1096 obinde
454 1062 702 1096 racionabiliter
739 1066 907 1108 perceptis
945 1067 977 1095 et
1006 1062 1102 1095 factis
1138 1073 1197 1107 per
1226 1073 1286 1095 nos
1314 1061 1454 1106 prefatis
1484 1060 1683 1095 Bohunkoni
1713 1067 1744 1095 et
1776 1061 1917 1095 Peskoui

108 1133 168 1156 seu
197 1122 340 1156 Mirkoni
379 1123 587 1167 integraliter
625 1128 655 1156 et
693 1134 736 1156 ex
774 1127 843 1156 toto
882 1123 979 1156 fuerit
1016 1123 1196 1168 persoluta.
1243 1121 1283 1155 Et
1325 1125 1525 1167 quicumque
1555 1122 1640 1156 hanc
1670 1123 1810 1156 litteram
1841 1134 1914 1155 cum

109 1182 279 1217 voluntate
310 1187 455 1228 ipsorum
487 1183 649 1218 habuerit.
679 1183 786 1216 eidem
817 1186 974 1229 competit
1003 1186 1052 1216 ius
1082 1185 1227 1216 omnium
1258 1185 1510 1228 premissorum.
1559 1182 1594 1216 Iu
1624 1185 1718 1216 cuius
1747 1186 1795 1216 rei
1817 1186 1916 1216 testi-

110 1246 254 1277 monium
294 1243 402 1287 sigilla
439 1248 552 1277 nostra
591 1248 664 1277 suut
694 1255 853 1289 appensa.
902 1244 1022 1277 Datum
1050 1243 1206 1286 Bisencz‚
1242 1247 1395 1289 proxima
1433 1243 1516 1277 feria
1555 1248 1650 1277 sexta
1687 1248 1762 1289 post
1790 1246 1918 1277 inven-

110 1306 241 1337 cionem
272 1307 387 1337 sancte
417 1307 538 1342 crucis,
583 1315 670 1337 auno
700 1307 881 1338 nativitatis
915 1304 1038 1338 domini
1067 1304 1242 1337 millesimo
1272 1307 1509 1338 trecentesimo
1538 1307 1787 1349 septuagesimo
1818 1315 1917 1337 nono.

420 1382 506 1417 01'1'51..
533 1382 621 1417 Persi..
647 1383 664 1407 3
689 1382 810 1408 semet-ht
834 1386 1021 1417 ‹lusyepruyle
1045 1382 1137 1417 Siequ
1161 1391 1196 1407 1111
1217 1382 1351 1409 Presseln.
1377 1392 1427 1409 rou
1453 1383 1541 1408 elenen
1568 1383 1620 1408 slas
1647 1385 1747 1415 accite,
1772 1384 1823 1408 flas
1841 1382 1919 1409 Ιιίιη-

525 1434 681 1466 stmlssrhe,
706 1435 833 1460 sclusam
857 1437 891 1460 is!
917 1435 974 1460 med
998 1435 1042 1459 (lie
1067 1434 1085 1459 3
1110 1434 1216 1460 Ballren
1241 1443 1283 1460 ane
1307 1434 1390 1469 Fluqe
1415 1434 1447 1459 ob
1471 1434 1531 1460 (lem
1552 1434 1644 1460 llelme
1670 1436 1746 1468 terat.
1771 1435 1821 1459 (las
1838 1435 1921 1460 (lritlv

525 1488 569 1511 eiu
604 1486 748 1512 ΔΙΙιιΙΙΙΓιιιίε
784 1487 830 1512 die
855 1486 1041 1519 smsrhre'sleu
1073 1487 1138 1512 siml
1163 1486 1342 1512 nnlesrrlicli.
1368 1502 1407 1504 —
1431 1486 1588 1519 ”issiu-qun:
1619 1486 1713 1519 fursll.
1739 1486 1919 1512 Sclitcart-en—

526 1538 685 1573 haym-hes
710 1538 824 1564 stre-hir.
849 1538 924 1565 him.
942 1539 1030 1571 (breis.

181 1684 294 1734 197.
1576 1700 1674 1734 1379
1704 1701 1778 1734 Just·
1806 1702 1865 1735 25.

110 1770 247 1805 Sdenco
286 1782 349 1805 von
380 1771 502 1805 Kolfor
541 1771 699 1814 rerlzauft
734 1773 832 1804 einen
860 1770 938 1815 Hos
968 1773 1089 1803 sammt
1127 1770 1225 1803 ollem
1266 1770 1429 1814 Zuyeleo'r
1467 1772 1509 1803 im
1539 1770 1651 1814 Dorfe
1684 1770 1841 1803 Tatsclme
1872 1782 1915 1803 (ιη

383 1831 494 1865 Ηίιιεο
526 1843 588 1865 eon
619 1831 712 1865 Naltl
741 1832 807 1864 med
836 1832 957 1864 clesseu
988 1830 1103 1863 Erben
1134 1842 1186 1863 ειιη.
1218 1830 1290 1865 100
1321 1830 1423 1863 Mai-la·
1455 1831 1641 1864 Groseleen.

265 1899 445 1948 Noverint
487 1917 637 1948 universi
679 1916 890 1959 presencium
934 1916 1090 1946 noticiam
1127 1912 1279 1949 habituri,
1326 1914 1411 1958 quod
1451 1925 1515 1958 ego
1555 1913 1689 1947 Sdenco
1729 1914 1769 1947 de
1807 1913 1946 1947 Cokor·

109 1974 286 2009 sufficienti
325 1973 574 2008 deliberacione
604 1979 635 2007 et
666 1978 795 2007 maturo
825 1977 1008 2007 amicorum
1039 1984 1190 2007 meorum
1220 1973 1360 2007 consilio
1389 1973 1571 2019 prehabitis
1601 1977 1739 2008 curiam.
1779 1978 1921 2019 quatuor

109 2035 225 2069 laneos
262 2039 294 2068 et
333 2034 416 2068 duos
455 2034 608 2068 subsides
646 2035 830 2077 solventes,
868 2045 942 2067 cum
979 2037 1069 2077 agris
1107 2033 1203 2066 cultis
1242 2038 1273 2066 et
1310 2034 1441 2067 incultis
1474 2046 1606 2068 necnon
1636 2034 1775 2068 rubetis.
1814 2034 1919 2067 silvis.

109 2098 225 2141 pratis,
263 2098 407 2141 pascuis3
443 2098 549 2140 aquis,
580 2098 661 2128 rivis
691 2106 919 2140 aquarumque
949 2093 1156 2127 decursibus.
1187 2094 1446 2139 piscacionibus.
1476 2094 1772 2140 aucupaeionibus.
1804 2106 1919 2128 vena-

110 2155 274 2198 monibus,
313 2159 417 2193 saxis,
456 2155 604 2201 rupibus,
644 2155 821 2198 montibus.
860 2154 1011 2190 coitibus„
1051 2157 1127 2188 viis.
1166 2154 1369 2188 accessibus.
1404 2154 1601 2199 egressibus
1631 2159 1661 2188 et
1693 2154 1918 2199 regressibus.

110 2216 267 2250 limitibus
297 2219 328 2250 et'
357 2215 574 2250 libertatibus.
606 2215 788 2249 redditibus
818 2220 849 2249 et
877 2214 1106 2248 servitutibus.
1137 2214 1261 2248 usibus.
1292 2214 1464 2258 fructibus,
1494 2215 1712 2260 proventibus
1742 2220 1772 2248 et
1794 2214 1917 2248 iuribus

111 2279 277 2311 universis
321 2276 573 2322 quibuscunque
615 2276 803 2310 nominibus
846 2279 1050 2309 censeantur
1091 2278 1122 2308 in
1164 2275 1242 2308 villa
1285 2274 1409 2308 Tuczin
1452 2280 1483 2309 et
1525 2280 1621 2309 extra
1665 2279 1768 2321 ipsam
1808 2275 1918 2308 villam

110 2340 238 2372 situatis
273 2348 312 2370 ac
348 2338 446 2383 pleno
482 2340 554 2370 iure
592 2341 624 2370 et
661 2337 820 2379 dominio7
862 2335 964 2369 nichil
1002 2338 1094 2378 iuris,
1133 2338 1345 2381 proprietatis
1380 2339 1452 2369 sive
1482 2336 1617 2369 dominii
1647 2336 1745 2369 michi
1776 2341 1806 2369 et
1838 2339 1918 2369 ineis

110 2397 365 2431 successoribus
403 2401 435 2431 in
474 2398 569 2431 dictis
609 2397 702 2431 honis
732 2395 979 2442 quomodolibet
1009 2407 1202 2434 reservans,
1240 2401 1407 2441 proutmet
1436 2400 1537 2431 tenui.
1576 2396 1673 2430 habui
1712 2402 1744 2430 et
1785 2396 1919 2443 possedi

110 2458 331 2503 usquemodo,
375 2458 529 2492 discretis
566 2461 649 2491 viris
687 2457 849 2491 Hiuczoni
888 2457 927 2490 de
965 2456 1069 2490 Nakls
1108 2461 1140 2490 et
1178 2459 1246 2490 suis
1284 2456 1463 2490 heredibus
1502 2456 1694 2490 Hermanno
1734 2457 1774 2490 de
1816 2456 1919 2491 Nakls

111 2521 274 2552 canonico
321 2518 550 2561 Olomucensi‚
594 2517 732 2551 Nicolao
772 2517 812 2550 de
841 2516 943 2550 Nakis
978 2517 1135 2550 fratribus
1174 2522 1207 2551 et
1245 2516 1414 2551 Czenconi
1453 2517 1493 2550 de
1531 2517 1666 2551 Zlobicz
1703 2522 1735 2551 et
1772 2521 1917 2563 ipsorum
1940 2522 1969 2546 ³³¹?

112 2578 292 2612 heredibus
335 2590 394 2624 pro
438 2583 571 2612 centum
614 2581 735 2612 marcis
773 2588 968 2622 (grossorum
1013 2578 1224 2610 denariorum
1263 2577 1481 2622 Pragensium
1519 2577 1682 2611 Moravici
1720 2581 1849 2611 numeri
1888 2582 1917 2610 et

111 2642 316 2684 pagamenti7
364 2641 690 2683 sexagintaquatuor
732 2648 871 2682 grossos
914 2648 974 2682 pro
1019 2648 1129 2671 marca
1174 2636 1318 2682 qualibet
1361 2638 1594 2682 computando,
1642 2637 1790 2671 vendidi.
1839 2648 1920 2681 quas

112 2699 244 2744 quidem
282 2702 442 2744 pecunias
479 2710 496 2731 a
527 2698 699 2732 Hinezone
737 2698 888 2744 predicto
923 2701 985 2731 iam
1016 2700 1151 2743 percepi
1181 2697 1393 2741 integraliter
1421 2702 1623 2741 numeratas,
1664 2701 1750 2744 ipsas
1781 2701 1810 2730 in
1840 2708 1920 2730 usus

1783 2764 1815 2787 22

1943 887 1971 910 lo

1941 1189 1970 1213 15

1941 1500 1974 1524 2¹1)

1938 2222 1972 2245 :50
