2421 3064
984 243 997 273 l
1004 242 1068 273 :398
1853 237 1873 270 3
1880 238 1899 269 :3
1905 237 1926 270 7

115 348 233 371 eorum
263 337 516 371 manutidetibus
547 338 626 371 dare
656 343 688 372 et
718 339 916 384 persolvere
944 341 1015 372 siue
1045 339 1208 372 dilacione
1230 341 1259 371 in
1283 338 1367 372 sesto
1388 343 1493 373 sancti
1516 339 1653 383 Georgii
1676 343 1818 373 martiris
1841 352 1927 373 nuuc

113 400 268 443 proxime
307 402 449 432 venturo
490 402 531 433 ita
569 405 691 434 tamen.
738 399 823 443 quod
863 399 970 432 nullus
999 403 1147 432 nostrum
1178 398 1252 431 data
1284 410 1341 431 sua
1373 403 1532 444 porcione
1563 400 1749 433 huiusmodi
1780 400 1877 433 debiti
1909 412 1925 433 a

115 457 252 492 residuo
283 457 365 491 liber
394 470 471 493 esse
502 460 633 493 debeat.
671 460 765 501 Quod
796 462 822 493 si
855 470 921 493 non
952 458 1145 493 fecerimus.
1175 459 1260 503 quod
1291 459 1387 492 absit.
1418 464 1541 493 extunc
1571 463 1760 504 quicunque·
1790 460 1854 493 duo
1885 472 1927 493 ex

115 517 209 551 nobis
239 517 493 553 fideiussoribus
524 520 679 565 predictis
709 532 769 566 per
798 525 932 553 nostros
962 519 1147 553 creditores
1177 530 1235 552 seu
1267 519 1492 555 manutidetes.
1523 521 1562 553 ad
1592 532 1673 565 quas
1704 524 1927 566 promisimus.

115 581 228 611 moniti
258 578 393 617 fuerint,
423 579 466 612 hii
498 591 576 613 mox
606 580 724 614 debent
758 585 790 613 et
819 584 974 614 tenentur
1003 582 1112 624 quivis
1142 591 1215 613 cum
1246 591 1310 612 uno
1341 580 1463 613 famulo
1493 585 1525 613 et
1555 581 1683 614 duobus
1714 584 1806 626 equis
1835 583 1927 614 civi-
1966 587 1981 607 5*

115 643 215 672 tatem
245 638 406 673 Olomucz
444 641 483 673 ad
523 640 657 673 domum
697 641 825 675 honesti
865 641 1015 686 hospitis,
1060 640 1111 673 ubi
1142 642 1221 685 ipsis
1251 651 1310 684 per
1339 640 1525 673 creditores
1555 646 1687 674 nostros
1716 646 1772 674 aut
1802 652 1927 674 manu-

114 698 242 741 fideles,
282 705 313 733 ut
344 703 445 733 moris
475 706 536 736 est.
577 700 673 734 fuerit
704 701 979 739 demonstratum„
1010 704 1039 734 in
1071 712 1187 734 verum
1219 705 1252 733 et
1280 705 1477 733 consuetum
1508 700 1696 743 obstagium
1726 713 1786 747 per
1816 704 1926 735 inter-

113 762 254 804 positam
293 771 471 805 personam
511 762 658 794 mititaris
696 762 904 795 condicionis
943 764 1162 806 promittimus
1198 763 1347 806 protinus
1376 760 1575 794 subintrare.
1622 773 1704 795 uuus
1734 762 1831 795 alium
1862 773 1927 794 non

115 825 298 865 expectans
338 832 399 854 nec
436 832 496 867 per
525 822 660 855 alterius
689 833 726 855 se
755 822 946 855 absenciam
977 832 1158 864 excusans,
1202 821 1322 855 abinde
1352 821 1439 854 nulio
1470 821 1567 855 modo
1598 825 1697 854 immo
1727 834 1788 856 nec
1825 833 1926 867 super

116 883 165 914 ius
195 886 342 914 nostrum
374 887 568 915 consuetum
600 894 765 927 quoquam
795 885 929 925 exituri,
965 893 1139 927 quousque
1168 882 1335 916 antediete
1365 885 1516 926 pecunie.
1558 887 1587 914 ut
1619 885 1828 927 premittitur,
1868 893 1927 927 per

115 952 176 974 nos
205 941 329 975 suerint
358 944 489 986 integre
518 943 697 988 persoiute.
729 942 824 984 Quod
854 946 880 975 si
911 942 1031 975 factum
1062 954 1127 975 non
1158 942 1267 977 fuerit.
1300 953 1378 975 mox
1408 947 1479 987 post
1510 942 1591 975 duas
1613 946 1814 987 septimanas
1836 954 1851 975 a
1876 943 1928 976 die

116 1005 314 1036 monicionis
335 1002 569 1048 computando,
593 1015 652 1049 per
673 1014 731 1036 eos
752 1015 794 1036 ex
817 1003 911 1037 nobis
933 1006 1044 1036 moniti
1063 1004 1146 1045 (sie)
1163 1003 1315 1047 obstagio
1332 1005 1470 1048 prestito
1486 1003 1541 1036 vel
1557 1013 1620 1035 non
1639 1007 1787 1047 prestito„
1811 1004 1928 1048 prefati

115 1065 221 1096 nostri
250 1063 438 1097 creditores
467 1075 525 1097 seu
557 1064 611 1098 itti.
642 1063 681 1096 ad
712 1075 850 1108 quorum
882 1074 998 1097 manus
1028 1074 1088 1109 per
1116 1068 1293 1108 presentes
1314 1066 1538 1109 promisimus,
1570 1068 1600 1096 et
1622 1063 1757 1108 quilibet
1779 1067 1927 1109 ipsorum

117 1122 216 1156 debet
241 1123 344 1157 libere
375 1128 527 1169 recipere
557 1129 589 1157 et
618 1128 793 1170 acquirere
823 1124 1003 1169 predictam
1033 1127 1208 1169 pecuniam
1239 1135 1340 1169 super
1369 1127 1513 1157 omnium
1544 1129 1692 1157 nostrum
1725 1124 1865 1169 dampna
1896 1127 1926 1157 in

116 1184 256 1217 solidum
300 1187 385 1217 inter
422 1184 628 1219 Christianos
669 1185 720 1219 vet
755 1185 879 1218 Judeos
918 1184 977 1218 sub
1017 1187 1135 1218 usuris.
1184 1184 1258 1225 Quo
1297 1195 1361 1217 non
1401 1184 1553 1218 obstante
1591 1188 1714 1217 tercius
1752 1196 1794 1217 ex
1834 1184 1927 1217 uobis·
1968 1192 1976 1195 '

115 1243 367 1278 fideiussoribus
405 1249 585 1290 requisitus
624 1246 663 1279 ad
703 1245 917 1292 prestandum
957 1244 1145 1289 obstagium
1185 1244 1325 1279 eandem
1359 1245 1491 1278 domum
1522 1247 1617 1278 sicuti
1648 1245 1712 1277 duo
1743 1248 1837 1290 primi
1868 1244 1928 1278 sub

116 1304 368 1339 condicionibus
397 1309 550 1351 superius
579 1310 788 1352 expressatis
817 1306 960 1340 fideliter
988 1310 1021 1339 et
1050 1309 1121 1339 sine
1151 1306 1226 1339 dolo
1253 1305 1420 1339 tenebitur
1440 1305 1640 1340 subintrare.
1670 1306 1790 1339 abinde
1812 1316 1928 1339 omues

114 1370 183 1399 tres
212 1377 286 1399 cum
318 1367 452 1400 totidem
484 1367 615 1400 sauussis
645 1372 677 1400 et
706 1379 767 1400 sex
790 1370 884 1412 equis
905 1366 1092 1400 nuliatenus
1113 1368 1248 1404 exituri,
1278 1377 1451 1411 quousque
1472 1367 1622 1410 capitalis
1643 1369 1796 1411 pecunia*
1826 1365 1928 1399 vide—

116 1426 194 1460 licet
223 1429 341 1471 viginti
371 1438 544 1472 sexagene
575 1432 606 1461 et
636 1432 763 1473 septem
789 1431 913 1472 grossi.
935 1439 1008 1460 cum
1030 1427 1181 1461 omnibus
1203 1427 1364 1472 dampnis.
1395 1430 1518 1461 usuris.
1550 1429 1696 1471 inpensis
1717 1431 1747 1459 et
1769 1429 1928 1471 expensis

114 1491 252 1532 propter
280 1487 344 1520 hoc
374 1488 552 1524 monendo.
583 1488 762 1533 equitando
787 1500 845 1521 seu
868 1491 1028 1521 nunccios
1048 1487 1223 1531 dirigendo
1245 1487 1340 1520 sactis
1362 1491 1394 1520 et
1415 1490 1595 1532 perceptis,
1627 1498 1690 1532 que
1712 1486 1798 1520 bono
1821 1489 1924 1519 testi-

116 1550 228 1581 monio
266 1548 391 1594 absque
428 1548 666 1582 verificaeione
696 1551 871 1582 iuramenti
901 1549 1122 1582 demonstrari
1153 1550 1308 1593 poterint„
1347 1558 1407 1593 per
1436 1558 1497 1580 nos
1527 1547 1649 1580 fuerint
1678 1551 1809 1592 integre
1839 1558 1924 1592 per-

114 1609 233 1642 solute.
282 1608 317 1642 In
355 1620 496 1654 quorum
535 1609 676 1643 evidens
715 1612 939 1643 testimonium
973 1613 1088 1642 nostra
1117 1609 1228 1652 sigilla
1258 1608 1298 1641 de
1328 1612 1420 1641 certa
1450 1612 1563 1641 nostra
1593 1611 1739 1641 sciencia
1769 1619 1809 1640 ac
1838 1607 1923 1641 bona

117 1669 289 1703 voluntate
317 1669 530 1715 presentibus
560 1675 635 1703 sunt
664 1681 822 1715 appensa.
867 1670 986 1703 Datum
1016 1669 1123 1708 Zline²7
1162 1672 1194 1702 in
1223 1669 1276 1702 die
1305 1671 1543 1713 concepeionis
1572 1672 1688 1702 sancte
1717 1668 1822 1702 Marie
1851 1671 1927 1701 vir—

117 1732 204 1774 ginis
233 1730 395 1774 gloriose‚
425 1742 511 1764 auno
541 1731 664 1764 domini
694 1731 868 1763 millesimo
900 1732 1137 1763 trecentesimo
1166 1732 1386 1773 nonagesimo
1416 1734 1549 1762 octavo.

430 1800 517 1836 Oriy„
542 1800 631 1835 Pery„
665 1800 681 1825 4'
714 1809 750 1826 (ιη
777 1800 902 1826 Presseln
935 1800 1082 1833 lzcmyeude
1113 1799 1222 1834 Sieyel:
1260 1797 1292 1833 1)
1326 1798 1353 1825 S.
1380 1798 1597 1825 SDENCoNIS
1629 1799 1665 1824 D.
1691 1797 1930 1824 STERNBERG.
1970 1802 1981 1814 ν’

535 1852 635 1878 Stet-11.-
672 1853 706 1883 2)
733 1851 760 1878 S.
787 1851 1036 1878 ALBERTONIS
1067 1852 1118 1876 DE
1143 1850 1384 1879 STERNBERG,
1412 1852 1512 1877 Stern:
1547 1850 1582 1883 3)
1607 1850 1635 1877 S.
1662 1849 1856 1876 IESIOONIS
1882 1850 1932 1875 DE

534 1905 716 1932 VELE'I‘IN,
734 1904 813 1932 Ruti:
837 1904 872 1937 4)
892 1903 1043 1936 Umsclimfl
1059 1904 1117 1928 ‘unu'
1136 1902 1198 1928 Biltl
1215 1902 1385 1927 nudentlidz.
1403 1918 1443 1921 —
1466 1902 1622 1936 Williuflau,
1637 1902 1732 1934 filrsll.
1750 1901 1932 1927 Sclmarz-en-

536 1956 696 1991 bergisclies
713 1956 828 1982 Archiv.
853 1955 901 1981 sub
919 1955 995 1981 Fam.
1013 1946 1136 1981 silem-ie.

191 2163 305 2212 384.
1598 2176 1695 2210 1398
1726 2177 1877 2224 ᾼιωιαι-ι.

122 2249 311 2283 Sckreiben
333 2250 391 2282 des
406 2249 543 2282 Jolmmz
566 2260 628 2282 von
645 2248 778 2281 Hobz-ie
794 2260 838 2281 (m
856 2248 1020 2281 Helm-icta
1038 2258 1100 2281 von
1120 2247 1356 2281 Radostomilz
1377 2249 1409 2280 iu
1424 2249 1584 2291 privaten
1601 2245 1925 2290 Anqeleyenlwiten.

277 2318 409 2366 Stuzba
440 2335 491 2365 ma
522 2331 656 2376 iiapred.
695 2331 777 2377 Mily
807 2342 890 2376 pane
920 2333 1014 2364 occe.
1054 2330 1197 2363 Davamt'
1226 2330 1335 2364 vedeti
1365 2341 1383 2363 o
1412 2331 1502 2363 vine.
1533 2333 1586 2362 Zet*
1610 2331 1665 2373 jsu
1695 2328 1755 2362 IIII
1782 2328 1930 2361 drailinci

122 2404 142 2426 u
172 2404 247 2426 mne
276 2404 297 2425 v
326 2392 432 2426 Hobzi
461 2403 478 2425 a
505 2392 578 2435 jelit
606 2395 643 2425 sii
673 2403 714 2437 po
744 2390 807 2425 dva
838 2391 1005 2437 draitinky
1034 2403 1051 2425 a
1081 2394 1130 2436 tyr
1157 2390 1177 2423 k
1207 2390 1283 2424 tobe
1312 2393 1455 2436 povezu„
1484 2392 1523 2423 af:
1552 2389 1616 2423 boh
1647 2390 1708 2431 da;
1739 2388 1828 2422 taket
1857 2387 1932 2421 tebe

122 2456 259 2499 prosim,
291 2453 368 2498 mily
397 2464 494 2498 pane„
524 2451 591 2497 aby
610 2452 731 2486 Janovi
761 2464 778 2485 z
799 2451 953 2485 Trieteie
983 2452 1133 2487 vzkazal.
1163 2454 1195 2484 at?
1224 2450 1267 2496 by
1297 2450 1338 2484 ke
1368 2452 1442 2483 mne
1472 2450 1566 2495 prijel
1595 2450 1637 2483 do
1657 2449 1786 2483 Hobzie
1815 2460 1831 2482 a
1861 2448 1931 2481 ko-

124 2513 200 2547 hozt
229 2517 346 2547 muo'ze
360 2512 404 2546 1³?*1
434 2515 573 2558 privesti
603 2512 715 2547 ssebii.
746 2512 823 2546 nebt'
851 2515 893 2545 mi
920 2514 987 2556 jest
1017 2511 1095 2545 totio
1117 2511 1216 2545 velmi
1238 2510 1342 2544 treba.
1377 2512 1405 2544 A
1428 2510 1538 2543 bratra
1560 2509 1730 2543 Jindricha
1753 2509 1872 2555 odpust
1891 2509 1932 2542 ke

125 2576 198 2607 mne
240 2585 258 2607 a
302 2573 378 2608 take'
420 2573 524 2607 obesli
567 2584 650 2618 pana
690 2572 853 2617 Gragiei·e
895 2571 1062 2606 Mtadeho.
1110 2575 1142 2605 at
1183 2574 1261 2605 vino
1304 2571 1473 2617 bezpetme
1517 2574 1613 2604 muoz
1651 2572 1711 2614 jeti
1754 2581 1814 2616 pro
1853 2569 1970 2613 jehozi

124 2637 283 2677 tovarisffi
322 2634 401 2668 nebt'
436 2644 506 2667 sem
539 2635 575 2677 jai
609 2634 656 2678 jej
696 2633 839 2667 dvakrat
877 2632 1013 2675 obeslal,
1053 2636 1100 2665 tut
1129 2635 1169 2665 mi
1199 2632 1304 2665 Zadne
1333 2631 1486 2664 koneene
1515 2630 1682 2676 odpovedi
1713 2629 1821 2664 nedal.
1860 2629 1932 2662 Dan

124 2705 146 2728 v
175 2694 293 2737 Hobzi‚
323 2705 410 2728 anno
440 2694 564 2728 domini
593 2691 994 2727 M⁰CCCLXXXXVIII⁰.
1603 2691 1664 2725 Jan
1695 2704 1711 2725 z
1740 2690 1880 2723 Hobzie.

1781 2756 1813 2779 43

1951 892 1981 914 lt)

1946 1498 1979 1520 Et)

1948 2258 1984 2281 331)
