2421 3064
1010 230 1092 263 1355»
1904 232 1950 265 55

138 320 290 365 jednolio
320 325 463 357 masare.
488 324 639 367 jednolio
670 324 821 370 krajcilio
851 338 869 359 a
890 327 1042 361 svobodu
1060 339 1103 361 vc
1124 329 1228 362 vsech
1259 330 1361 364 lesicb
1393 330 1506 365 nasich
1536 331 1557 365 k
1577 335 1707 365 stavcni
1737 345 1753 365 a
1775 332 1794 366 k
1816 334 1951 378 poti-ebe

143 380 240 415 telioi
270 380 398 426 fojtstvi
428 394 442 416 s
468 388 643 428 pastvami.
673 396 688 419 s
718 388 944 431 ptacnictvtim
975 387 1191 433 rybaistvim,
1222 389 1314 435 lovy.
1345 392 1550 436 vymiciiujic
1579 393 1660 425 zvci·
1680 392 1806 428 veliki'i.
1836 393 1951 427 kivrez

141 440 274 487 vsecky
301 453 324 475 v
353 443 477 488 napred
517 447 653 489 psanem
694 446 766 480 listu
796 450 985 481 sti-acenem
1021 448 1148 482 nasclio
1178 449 1317 495 predka„
1352 450 1453 493 jakoz
1479 452 1546 495 jest
1580 452 1625 495 jir'i
1650 453 1861 498 jmenovany
1891 454 1950 497 l'ojt

141 501 222 547 pred
252 505 341 536 nami
380 503 493 537 slusne
522 505 707 538 svedomim
739 509 814 552 vii-y
837 507 983 551 liodnyin
1013 507 1183 554 proliz'izal,
1213 509 1365 555 bylyjsii
1396 514 1542 556 napsane
1572 523 1631 557 pro
1670 511 1840 546 obnoveni
1870 513 1948 546 tolio

142 562 216 596 listu
246 573 262 595 a
293 562 358 609 aby
388 574 504 597 rozum
541 564 618 598 toho
663 566 737 599 listu
766 578 787 599 v
817 572 920 602 tomto
959 569 1032 602 listu
1063 568 1117 615 by}
1148 572 1287 615 napsam
1327 575 1453 604 tomuto
1492 572 1610 615 fojtovi
1641 584 1657 605 a
1683 572 1765 616 Jeho
1795 573 1946 607 dedicom
1986 580 2003 602 ι’»

141 634 158 654 a
189 622 380 668 potomkoin
411 625 514 669 prave
535 627 735 669 ujist‘ujcine.
767 630 991 672 upevnujeme
1021 630 1144 676 napi-cd
1175 633 1278 676 psane
1299 632 1372 664 vcci
1403 642 1420 664 a
1450 635 1537 665 inoci
1557 632 1672 666 tolioto
1701 633 1775 666 listu
1797 637 1950 679 vypsanc

141 681 217 716 take
246 684 470 729 upeviiujeme
500 683 521 717 k
536 686 640 728 jmeni
660 698 677 719 a
699 686 719 720 k
740 687 853 721 drieni
874 700 890 722 a
912 688 934 722 k
954 689 1102 723 vladnuti
1123 692 1228 724 vecne
1249 690 1347 725 skrze
1377 691 1474 725 telioz
1495 692 1586 736 fojta.
1609 693 1724 727 dedice
1745 693 1830 727 aneb
1851 693 1949 728 slirze

141 742 302 789 potomky
326 743 408 788 jeho
442 745 489 788 jiz
523 746 728 789 jinenovane
757 749 831 782 vect
870 749 1043 783 svobodne
1073 762 1089 783 a
1120 750 1264 795 polzojne
1303 753 1490 797 potvrzujic
1520 753 1672 787 (lavante.
1712 753 1761 787 Na
1796 753 1948 788 liternino

134 804 250 846 jistotu
290 815 307 837 a
337 804 512 839 svedectvi
550 810 638 839 tomu
678 807 749 841 listu
787 807 857 854 byn
894 821 911 842 a
951 809 971 842 k
1001 811 1107 844 vecne
1136 814 1290 856 pevnosti
1329 814 1427 857 peket
1464 815 1534 846 nasi
1565 815 1650 847 vetsi
1688 816 1836 859 pi·ivesiti
1876 826 1947 849 sine

140 863 258 897 lizizali.
306 863 389 898 Jenz
415 866 483 909 jest
513 865 575 899 dan
605 866 667 900 leta
699 868 873 903 millesimo
903 869 985 903 CCC
1015 874 1294 916 quinquagesimo
1324 877 1454 917 quart0.

451 935 593 968 .>ll1sae·l11·isl
617 939 652 962 im
669 939 774 971 supini·
797 940 825 964 (ι’.
848 948 875 972 μ.
898 939 944 966 Ιί),
962 956 1002 958 -
1023 940 1164 966 liremsim-
1185 942 1336 974 furslcrz-lt.
1355 942 1470 968 Ari-liii:

451 986 524 1013 chlz
550 988 609 1013 ilem
634 988 745 1015 Hrurlw
779 990 917 1016 Levlmcrs
941 993 968 1016 in
993 991 1175 1026 „Zeilsrlirisl
1197 994 1219 1026 f.
1244 994 1269 1019 d.
1294 994 1455 1019 Gesclzielile
1481 994 1610 1020 illabi-rus
1644 1005 1668 1021 tl.
1695 996 1868 1021 ist-lilesiensn
1902 997 1947 1025 ll'‚

552 1049 579 1073 p.
612 1040 678 1066 1Ιί1.
711 1050 754 1067 ην.
788 1042 805 1066 :5
839 1043 895 1067 and
924 1043 975 1068 (1(’11
1001 1037 1189 1070 (“υι“ϊ(»ι·1ιιι·(’]ι
1222 1046 1302 1070 [nez-n
1335 1054 1385 1071 Γυιι
1412 1046 1521 1080 Snupeli
1553 1049 1579 1072 in
1612 1039 1745 1081 ..t-'usrtsu's
1772 1048 1833 1074 ΜΗΙ.
1860 1048 1946 1076 Mars·

556 1091 640 1118 Alx't'.
663 1102 689 1126 [ι.
717 1093 764 1120 52.
789 1102 833 1119 ur.
854 1094 900 1120 ΙΙΙ.

208 1181 290 1232 69.
1396 1209 1493 1243 1355
1523 1210 1597 1243 Juleff
1627 1210 1673 1244 13
1702 1211 1891 1245 Pas-eomer.

137 1270 266 1304 ‚lenm-0
288 1282 351 1304 von
368 1270 494 1305 Srbetz-
515 1273 581 1305 med
599 1275 694 1306 sesne
717 1274 894 1308 Gemahlz‘n
916 1274 1023 1309 Clara
1045 1277 1265 1322 rcrpflichten
1287 1278 1360 1311 sich
1382 1290 1442 1312 5η]-
1458 1278 1617 1323 Zahlemgs
1638 1281 1731 1313 eines
1743 1280 1944 1323 jam-lichen

139 1331 262 1365 Zoe'uses
290 1343 353 1365 ‘con
391 1331 415 1365 3
444 1332 548 1366 ΜανΙι·
585 1345 628 1367 (ιη
661 1334 805 1368 Cleunad
841 1346 906 1368 ron
938 1336 1116 1370 Pastomef·
1141 1339 1201 1381 fiir
1229 1338 1292 1371 (len
1322 1338 1428 1372 Altar
1463 1340 1521 1372 des
1550 1339 1695 1383 leee'liqen
1727 1340 1848 1374 Petrus
1879 1342 1945 1374 nm!

614 1394 743 1428 Paulus
772 1398 803 1428 in
834 1396 895 1429 der
924 1396 1187 1431 Isloslerlsirclee
1216 1400 1247 1432 2'12
1279 1398 1468 1434 Pus-tomen.

293 1452 376 1500 Nos
405 1465 530 1500 Jenczo
569 1468 610 1501 de
640 1468 735 1514 Sirps
773 1480 905 1503 necnon
935 1469 1030 1503 Clara
1070 1482 1157 1504 uxor
1193 1476 1306 1506 nostra
1346 1473 1399 1506 dei
1437 1473 1572 1507 favente
1611 1477 1725 1519 gracia
1764 1475 1943 1520 divinaque

136 1533 358 1565 miseracione
380 1535 563 1578 inspirante
584 1536 751 1568 universis
781 1539 810 1567 et
833 1534 971 1579 singulis
992 1541 1181 1581 presentem
1202 1536 1345 1571 litteram
1367 1541 1566 1584 inspecturis
1587 1539 1717 1585 publice
1738 1539 1941 1585 profitemur,

134 1592 222 1636 qnod
252 1591 294 1625 ob
315 1593 498 1627 remedium
530 1598 562 1627 et
581 1594 718 1628 salutem
749 1598 932 1628 animarum
962 1596 1244 1641 predecessorum
1272 1602 1463 1632 nostrorum
1495 1602 1662 1633 seniorum
1694 1611 1732 1633 ac
1753 1604 1942 1634 nostrarum

135 1657 369 1686 testamentum
413 1654 453 1687 de
491 1653 576 1689 hona
616 1659 729 1689 nostra
768 1656 941 1689 voluntate
980 1661 1176 1702 maturaque
1214 1657 1463 1692 deliberacione
1501 1662 1608 1705 primo
1647 1665 1678 1693 et
1716 1660 1944 1706 principaliter

134 1716 353 1759 promittimus
374 1719 406 1748 et
426 1715 629 1760 spondemus
650 1715 794 1749 discreto
816 1719 889 1749 viro
911 1716 1043 1750 domino
1066 1716 1225 1751 Chunado
1248 1718 1289 1751 de
1309 1718 1452 1752 Pustinir
1472 1723 1667 1765 cunctisque
1687 1720 1942 1755 suecessoribus

132 1777 202 1807 suis
231 1773 352 1809 ibidem
382 1778 414 1808 in
444 1775 589 1809 claustro
619 1777 918 1810 sanctimonialium
949 1777 1156 1811 morantibus
1186 1779 1327 1822 singulis
1356 1783 1450 1813 annis
1485 1781 1638 1824 quamdiu
1668 1783 1853 1814 vixerimus
1882 1780 1942 1814 sub

133 1834 310 1868 ‹lotacione
339 1838 435 1870 unius
464 1836 576 1870 altaris
614 1840 646 1870 in
676 1837 804 1870 honore
834 1837 1005 1871 beatorum
1046 1838 1271 1883 apostolorum
1302 1839 1390 1872 Petri
1420 1845 1451 1873 et
1480 1840 1568 1873 Pauli
1608 1840 1728 1874 ibidem
1759 1844 1941 1874 constructi
1989 1857 1994 1869 ›

133 1898 164 1928 in
202 1894 306 1930 tribus
348 1899 470 1930 marcis
508 1897 674 1931 Moravici
716 1901 907 1943 pagamenti
949 1903 1100 1944 tempore
1129 1902 1200 1932 vite
1241 1904 1356 1933 nostre
1394 1903 1483 1945 ipsas
1521 1901 1676 1945 augendo
1715 1904 1745 1934 in
1784 1906 1940 1946 quantum

133 1966 310 2002 possumus
338 1961 369 1990 et
399 1957 550 1991 valemus
579 1969 596 1991 a
626 1957 722 1992 bonis
752 1961 875 1992 nostris
904 1970 1032 1992 necnon
1064 1971 1079 1991 a
1112 1958 1248 1993 hamera
1277 1965 1389 1993 nostra
1420 1961 1621 1994 censualiter
1649 1961 1803 2006 obligari,
1833 1965 1939 1995 eciam

132 2021 205 2062 post
234 2021 374 2050 mortem
403 2022 550 2052 nostram
582 2030 655 2052 cum
687 2018 805 2053 talibus
834 2022 986 2065 personis
1016 2022 1095 2052 satis
1125 2022 1226 2053 certis
1256 2025 1287 2053 et
1308 2020 1482 2065 lidedignis
1511 2032 1570 2066 pro
1591 2024 1654 2055 isto
1684 2021 1939 2056 fideiubentibus

132 2080 296 2122 promisso
327 2082 357 2111 et
386 2079 554 2113 condicto.
584 2079 741 2113 videlicet
766 2079 940 2113 Wacislao
970 2080 1010 2113 de
1040 2079 1156 2122 Prons.
1185 2080 1386 2114 Herschone
1414 2086 1447 2114 et
1475 2080 1678 2115 Buschkone
1708 2082 1866 2116 fratribus
1898 2083 1938 2116 de

132 2138 340 2172 Amslawicz
370 2142 493 2173 nostris
522 2143 687 2185 cognatis,
719 2152 736 2173 a
766 2139 861 2173 bonis
891 2144 921 2173 et
951 2139 1190 2173 hereditatibus
1219 2144 1341 2174 nostris
1371 2153 1501 2175 necnon
1532 2145 1678 2187 ipsorum
1708 2142 1939 2177 fideiussorum

131 2201 394 2244 prescriptorum
425 2203 646 2245 promittimus
675 2203 707 2234 in
737 2200 887 2234 districtu
917 2200 1055 2233 duorum
1077 2201 1131 2233 vel
1162 2204 1256 2234 trium
1289 2202 1461 2235 miliarium
1492 2205 1594 2247 ipsius
1624 2203 1760 2236 claustri
1790 2202 1938 2236 Pustmi-

131 2261 239 2292 rensis
267 2259 418 2304 predicto
449 2260 582 2294 domino
613 2260 774 2294 Cliunado
814 2263 1009 2305 cunctisque
1040 2261 1294 2295 successoribus
1333 2265 1400 2295 suis
1439 2262 1551 2307 elapso
1587 2265 1681 2296 unius
1720 2266 1794 2296 anni
1824 2267 1938 2309 spacio

130 2318 296 2363 predictas
336 2325 404 2353 tres
434 2332 564 2355 marcas
595 2321 870 2355 certitudinaliter
908 2321 946 2354 ad
978 2321 1142 2366 prefatum
1182 2322 1285 2355 altare
1315 2326 1474 2367 perpetue
1505 2323 1697 2356 censuando
1728 2334 1937 2368 comparare.

130 2378 227 2420 Quod
257 2383 284 2413 si
313 2383 470 2414 nominati
510 2381 725 2416 fideiussores
764 2385 839 2427 post
868 2392 987 2414 annum
1027 2385 1183 2415 continue
1222 2382 1410 2416 revolutum
1450 2386 1564 2416 mortis
1603 2389 1717 2417 nostre
1750 2383 1939 2428 sepedictas

1972 880 2001 903 lt)

1963 1548 1996 1568 ⁴¹4)

1961 1848 1976 1871 ll«

1978 1848 1989 1870 ·ι

1961 2154 1994 2175 ,ἹΗ

129 2443 196 2472 tres
235 2451 366 2474 marcas
404 2452 603 2487 comparare
640 2442 852 2486 neglexerint
892 2446 921 2474 et
952 2453 1049 2475 secus
1084 2441 1236 2479 fecerint,
1273 2442 1359 2487 quod
1398 2442 1492 2476 absit.
1532 2448 1655 2476 extunc
1684 2443 1816 2488 prefati.
1853 2455 1938 2489 pro-
1958 2455 1991 2477 :23

128 2502 289 2533 missores
318 2504 553 2546 prenominato
583 2502 717 2536 domino
739 2502 901 2535 t'liunado
932 2512 1061 2535 necnon
1093 2502 1225 2536 domino
1251 2506 1421 2548 preposito
1450 2503 1571 2548 prefati
1601 2504 1735 2537 claustri
1756 2504 1937 2549 U'ysclio-

129 2562 218 2593 viam
257 2572 350 2594 more
387 2561 531 2606 obstagii
569 2562 607 2596 ad
648 2574 891 2608 (planicmnque
932 2563 1063 2596 domum
1100 2562 1233 2595 indicati
1272 2562 1395 2596 fuerint
1432 2563 1631 2597 tenebuntur
1668 2564 1868 2598 subintrare.
1899 2564 1938 2598 ab

128 2621 246 2653 eadem
276 2632 443 2666 nunquam
475 2623 669 2666 discessuri,
700 2624 818 2657 donec.
850 2622 979 2668 prefate
1015 2627 1081 2656 trcs
1112 2634 1224 2656 marce
1253 2623 1292 2656 ad
1324 2623 1508 2669 predictum
1539 2624 1643 2657 altare
1672 2624 1712 2657 ab
1742 2627 1821 2670 ipsis
1860 2630 1891 2658 et
1920 2636 1936 2658 a

132 2679 226 2714 bonis
257 2692 371 2715 eorum
402 2688 564 2728 perpetue
594 2683 785 2717 censuando
816 2688 1020 2729 comparate.
1061 2682 1254 2717 confirmate
1294 2683 1413 2717 fuerint
1444 2684 1716 2718 certitudinaliter
1754 2690 1784 2718 et
1814 2685 1936 2718 dotate.
