2421 3064
970 234 1054 265 1:3⁸⁸
1840 228 1886 260 ⁶24
1899 228 1906 261 l

103 334 312 367 dominorum
343 332 471 366 abbatis
509 337 541 365 et
578 336 764 366 conventus
804 334 1000 365 monasterii
1037 330 1322 365 Zabriloviceusis
1362 342 1464 375 propi·
1495 331 1638 363 Brunam
1670 331 1794 363 ordinis
1827 331 1913 363 l'r‹·-

103 396 369 428 monstraiensis.
400 397 497 438 prout
527 393 567 426 de
597 404 657 426 suo
695 392 851 426 mandato
889 403 950 437 per
982 395 1236 425 instrumentum
1268 391 1432 436 publicum
1464 402 1577 424 coram
1608 390 1703 424 nobis
1734 394 1762 424 in
1796 393 1914 424 iudicio

101 455 246 489 oblatum
277 454 390 487 docuit
419 454 606 491 evidenter,
645 453 809 498 quandam
848 455 1041 498 petitionem
1080 455 1153 485 sive
1191 452 1336 485 libellum
1367 451 1480 484 obtulit
1513 455 1639 485 tenoris
1669 452 1912 496 subsequentis.

256 514 376 548 Coram
415 514 512 548 vobis
551 513 737 547 honorabili
775 517 849 548 viro
879 513 1012 546 domino
1041 512 1171 546 Joaune
1201 513 1242 546 de
1264 512 1393 545 Ghulen
1425 515 1595 557 preposito
1617 512 1769 545 ecclesizr
1790 517 1914 545 sanctie

102 575 218 609 Mariae
256 578 287 608 in
317 574 669 616 Wolll'ramskirchen.
709 574 841 608 oll'iciali
879 576 980 607 curiae
1016 572 1215 618 episcopalis
1246 572 1482 605 (llomucensis
1511 575 1664 617 proponit
1694 573 1853 617 syndicus
1883 578 1912 605 et
1951 578 1966 598 Γ»

101 639 299 680 procurator
328 647 367 668 ac
396 635 592 680 syndicatus
621 645 680 668 seu
711 637 942 680 procuratorio
981 636 1115 666 nomine
1154 632 1398 666 honorabilium
1428 644 1466 666 ac
1496 633 1732 676 religiosorum
1764 636 1911 666 virorum

101 695 311 728 dominorum
341 695 485 728 Jaroslai
523 695 654 728 abbatis
683 700 716 728 et
744 699 931 728 conventus
970 696 1163 727 monasterii
1201 693 1484 727 Zabrdovicensis
1518 692 1644 726 ordinis
1675 693 1912 726 l'reinonstra-

101 758 217 793 tensis„
256 755 490 789 Olomucensis
529 756 708 798 dioecesis,
747 766 884 789 suorum
915 759 946 788 et
976 757 1168 788 monasterii
1206 757 1353 800 ipsorum
1384 753 1542 799 predictis
1572 756 1706 787 nomine
1736 759 1852 787 contra
1883 759 1913 787 et

100 815 265 849 adversus
296 815 441 849 nobilem
472 819 581 849 virum
619 816 786 849 dominum
823 815 1006 849 Smilonem
1045 815 1085 848 de
1124 814 1334 859 Sternberg²¹
1372 814 1453 847 alias
1490 814 1530 847 de
1564 813 1727 847 Zabrzich
1763 815 1910 848 eiusdem

101 876 281 911 dioecesis.
311 879 365 921 qui
394 887 528 910 causam
559 879 590 909 in
620 887 656 909 se
686 879 865 921 assumpsit
889 887 950 921 pro
970 878 1032 921 piae
1052 878 1223 909 memoriae
1243 875 1377 908 domino
1400 873 1562 907 Bndkone
1584 875 1686 907 milite
1709 874 1748 907 de
1773 874 1911 908 Broc-zm

101 937 184 970 alias
213 937 254 970 de
285 937 472 979 Rubavina,
511 948 608 982 quam
646 936 835 970 habuerunt
873 941 905 970 et
942 935 1065 969 liabent
1101 935 1221 981 prefati
1259 936 1382 969 domini
1420 934 1522 969 abbas
1562 939 1592 968 et
1622 940 1806 968 conventus
1837 947 1910 968 cum

101 998 233 1040 eodem,
263 998 338 1031 (luni
368 1000 514 1033 viveret.
544 1009 646 1043 super
674 997 770 1031 bonis
799 1001 831 1030 et
860 997 938 1030 villa
968 996 1188 1042 infrascriptis
1217 1007 1276 1030 seu
1307 1001 1422 1029 contra
1452 995 1629 1040 quemlibet
1661 996 1761 1029 alium
1791 1007 1850 1041 pro
1872 1007 1912 1029 eo

101 1058 248 1102 legitime
287 1061 318 1091 in
349 1061 420 1091 iure
450 1061 697 1091 interveniente
727 1069 801 1091 cum
840 1057 976 1102 querela
1006 1061 1038 1090 et
1067 1058 1157 1099 dicit.
1186 1057 1272 1101 quod
1302 1057 1380 1090 licet
1409 1060 1475 1089 tota
1505 1055 1595 1091 villa.
1626 1067 1698 1100 quae
1727 1056 1912 1100 vulgariter

101 1117 323 1151 Uzastkovicz
353 1123 563 1164 nuncupatur
591 1123 623 1152 et
652 1130 724 1163 quae
754 1123 804 1152 est
833 1121 894 1151 sita
923 1120 954 1150 in
984 1116 1174 1151 confinitate
1204 1117 1292 1151 villae
1317 1116 1512 1159 Boi-imvm„
1543 1127 1615 1149 cum
1644 1127 1708 1149 uno
1730 1116 1850 1150 allodio
1881 1121 1910 1150 et

100 1181 192 1211 curia
221 1178 363 1212 allodiali
394 1189 434 1212 ac
462 1182 554 1223 agris
583 1179 721 1212 duarum
759 1183 981 1221 araturarum7
1017 1177 1152 1211 duabus·
1181 1180 1317 1223 piscinis
1355 1182 1385 1210 et
1415 1176 1542 1210 duabus
1572 1179 1692 1220 vineis5
1723 1177 1763 1209 de
1792 1177 1910 1222 quibus
1950 1185 1959 1188 ·

100 1238 197 1283 plena
227 1238 356 1272 decima
385 1243 417 1272 et
446 1238 652 1284 perglzrecht
681 1239 820 1283 singulis
849 1242 944 1272 annis
974 1239 1044 1272 dari
1074 1243 1107 1272 et
1135 1239 1221 1272 solvi
1242 1241 1429 1281 consuevit,
1460 1250 1498 1271 ac
1528 1249 1604 1271 cum
1626 1238 1719 1271 silvis
1741 1242 1772 1271 et
1793 1238 1910 1271 hoini-

100 1298 195 1332 nibus
224 1298 437 1332 censualibus
466 1304 499 1332 et
528 1310 631 1333 censu
661 1303 808 1345 ipsorum
838 1299 978 1344 aliisque
1007 1301 1176 1333 universis
1204 1302 1423 1344 pertinenciis
1452 1302 1531 1341 suis.
1553 1303 1651 1344 prout
1674 1301 1743 1343 ipsa
1766 1298 1841 1331 villa
1863 1304 1910 1332 est

101 1364 133 1392 et
170 1359 332 1392 hactenus
371 1359 431 1393 fuit
460 1362 490 1393 in
521 1363 590 1393 suis
619 1359 774 1393 limitibus
804 1360 953 1402 limitata.
991 1359 1032 1392 ad
1070 1359 1255 1405 predictum
1286 1359 1452 1397 abbatem„
1483 1363 1685 1392 conventum
1717 1370 1755 1391 ac
1786 1369 1909 1392 mona-

99 1423 237 1453 sterium
267 1422 414 1465 ipsorum
446 1423 516 1453 iure
546 1423 760 1466 proprietatis
789 1425 821 1454 et
849 1424 922 1453 veri
944 1420 1081 1454 dominii
1101 1421 1156 1454 vel
1177 1423 1271 1465 quasi
1291 1423 1488 1466 pertinuerit
1508 1424 1541 1453 et
1561 1422 1739 1465 pertineat.
1770 1424 1910 1464 specta-

101 1482 188 1514 verit
216 1484 248 1513 et
276 1484 405 1526 spectet
433 1480 560 1525 fuitque
590 1481 711 1514 dictum
741 1484 980 1514 monasterium
1010 1481 1175 1514 nonnullis
1204 1485 1382 1514 retroactis
1411 1480 1617 1526 temporibus
1644 1483 1673 1513 in
1695 1482 1910 1525 possessione

101 1543 203 1586 ipsius
237 1545 269 1574 et
298 1541 463 1574 fructuum
493 1552 532 1574 ac
561 1545 786 1586 proventuum
816 1541 977 1583 eiusdem,
1021 1546 1131 1575 tamen
1160 1541 1266 1575 dictus
1295 1545 1357 1587 pize
1378 1544 1547 1574 mernoriae
1567 1539 1684 1574 Budko
1706 1540 1813 1576 miles.
1835 1540 1909 1573 dum

99 1604 196 1645 vixit‚
226 1604 376 1635 nescitur
404 1612 469 1646 quo
498 1605 582 1644 iure.
612 1601 671 1634 sed
709 1601 867 1637 creditur.
907 1601 993 1645 quod
1032 1606 1195 1647 praetextu
1233 1613 1347 1647 pravae
1376 1606 1408 1635 et
1437 1602 1556 1635 illicitae
1585 1601 1794 1634 alienationis
1824 1612 1909 1645 pre-

99 1662 220 1695 dictum
256 1662 424 1704 allodium.
463 1665 602 1703 curiam,
641 1665 796 1707 piscinas,
837 1661 939 1695 silvas
975 1673 1014 1695 ac
1051 1662 1213 1695 decimam
1252 1667 1285 1696 et
1322 1661 1527 1708 pergkrecht
1566 1662 1703 1695 duarum
1734 1664 1908 1695 vinearum

99 1723 347 1768 dominiumque
394 1725 493 1756 totius
538 1722 625 1756 villae
672 1725 956 1768 pertinentiasque
998 1725 1101 1768 ipsius
1139 1725 1318 1768 occupavit
1355 1727 1387 1756 et
1425 1722 1602 1756 duodecim
1641 1724 1735 1755 annis
1774 1722 1908 1755 detinuit

99 1787 293 1829 occupatos,
322 1782 463 1826 fructus,
492 1782 643 1816 redditus
681 1787 713 1816 et
750 1787 934 1827 proventus
972 1786 1162 1828 percipiens
1200 1794 1243 1816 ex
1273 1783 1412 1825 eisdem,
1443 1785 1496 1827 qui
1526 1782 1666 1827 singulis
1695 1785 1789 1815 annis
1819 1785 1908 1815 iuxta

97 1847 265 1877 minimam
294 1846 546 1877 aestimationem
587 1847 733 1888 ipsorum
773 1843 811 1876 ad
842 1843 992 1877 valorem
1029 1847 1207 1888 sexaginta
1237 1855 1426 1877 marcarum
1462 1854 1661 1888 grossorum
1695 1843 1908 1876 denariorum

96 1904 315 1949 Pragensium
345 1903 510 1938 Moravici
538 1907 668 1938 numeri
697 1908 729 1937 et
757 1907 947 1949 pagaiuenti
969 1915 1006 1937 se
1036 1904 1232 1946 extendunt.
1266 1907 1405 1950 ipsoque
1430 1904 1568 1950 praesato
1590 1904 1724 1937 domino
1747 1902 1909 1936 Budkone

100 1965 201 1998 milite
230 1975 316 1998 anno
347 1965 387 1998 de
417 1968 565 2009 presenti
595 1964 754 1998 videlicet
783 1964 823 1997 de
853 1975 969 1997 mense
998 1963 1168 1998 februario
1198 1968 1353 2010 proxime
1383 1968 1543 2010 preterito
1573 1964 1730 1998 defuncto
1760 1963 1907 2010 prefatus

96 2024 216 2059 nobilis
245 2028 298 2058 vir
326 2025 478 2059 dominus
508 2025 612 2059 Smilo
644 2025 684 2058 de
714 2024 902 2068 Sternberg
941 2025 1021 2058 alias
1060 2025 1101 2057 de
1138 2024 1283 2058 Zabrich
1312 2025 1373 2058 sibi
1404 2028 1464 2070 piae
1493 2028 1664 2058 memoriae
1692 2024 1845 2058 Bndkoni
1875 2027 1904 2057 in

97 2085 284 2120 huiusmodi
314 2089 394 2119 vitio
424 2086 611 2119 succedens
649 2097 688 2118 ac
718 2096 852 2118 causam
884 2088 987 2130 ipsius
1016 2083 1190 2119 Budkonis
1220 2091 1253 2119 et
1281 2097 1340 2131 pro
1370 2097 1411 2119 eo
1441 2090 1471 2119 in
1501 2097 1538 2119 se
1567 2090 1599 2119 et
1627 2085 1689 2119 sibi
1718 2096 1904 2119 assumens.

97 2157 134 2180 se
163 2146 204 2180 de
233 2146 329 2180 dictis
358 2146 447 2180 villa.
479 2146 612 2189 allodio,
643 2149 746 2186 curia,
777 2149 925 2191 piscinis.
955 2146 1048 2180 silvis
1078 2157 1117 2179 ac
1137 2146 1266 2179 decima
1287 2151 1319 2180 et
1339 2146 1545 2192 pergkrecht
1570 2146 1708 2180 duarum
1730 2149 1904 2179 vinearum

96 2218 135 2240 uc
163 2210 262 2240 totius
291 2207 426 2240 dominii
456 2206 542 2240 vitlae
572 2209 782 2252 pertinentiis
818 2208 921 2251 ipsius
959 2209 1147 2243 intromisit.
1186 2210 1365 2253 occupavit
1402 2218 1441 2240 ac
1475 2211 1617 2252 occupat
1645 2218 1685 2239 ac
1715 2218 1752 2241 ea
1783 2207 1905 2239 detinet

96 2271 271 2313 occupata,
300 2266 440 2309 fruetus,
470 2271 654 2312 proventus
692 2271 725 2300 et
762 2267 909 2300 redditus
948 2278 992 2299 ex
1030 2267 1169 2303 eisdem.
1207 2270 1261 2312 qui
1290 2279 1328 2301 se
1357 2268 1541 2301 extendunt
1569 2268 1709 2312 singulis
1740 2270 1833 2300 annis
1863 2267 1902 2299 ad

96 2330 348 2361 aestimationem
378 2330 556 2371 sexaginta
585 2338 786 2369 marcarum,
816 2329 863 2360 sic
893 2331 926 2359 ut
955 2326 1134 2372 prefertur.
1166 2329 1278 2368 Quare
1306 2331 1387 2373 petit
1415 2328 1575 2373 syndicus
1603 2330 1677 2361 sive
1707 2331 1905 2372 procurator

95 2388 289 2434 syndicatus
317 2392 350 2421 et
378 2391 611 2433 procuratorio
640 2391 774 2421 nomine
803 2398 868 2432 quo
907 2398 1018 2433 supra.
1055 2399 1116 2433 per
1144 2399 1206 2421 vos
1240 2388 1407 2422 dominum
1438 2388 1578 2421 iudicem
1609 2388 1840 2421 honorandum
1871 2392 1903 2420 et

95 2453 210 2482 vestra
257 2448 428 2482 diffinitiva
473 2451 638 2482 sententia
693 2451 918 2494 pronunciari.
966 2448 1103 2482 decerni
1141 2452 1173 2481 et
1211 2448 1388 2484 declarari.
1435 2449 1547 2482 villam
1586 2449 1790 2494 praedictam
1831 2459 1903 2481 cuni

96 2512 188 2543 curia
216 2509 359 2543 allodiali
389 2513 420 2542 et
449 2511 541 2553 agris
570 2509 709 2543 duarum
738 2508 1031 2553 agriculturarum,
1061 2508 1142 2542 duas
1171 2511 1316 2554 piscinas
1354 2520 1429 2543 cum
1463 2509 1555 2543 silvis
1584 2513 1616 2542 et
1645 2509 1741 2554 plena
1773 2508 1901 2541 decima

95 2582 135 2604 ac
163 2573 235 2604 iure
264 2572 397 2612 montis,
427 2570 513 2614 quod
543 2569 750 2615 pergkrecht
779 2573 1001 2614 nuncupatur.
1031 2579 1105 2602 cum
1127 2568 1254 2603 duabus
1275 2572 1384 2603 vineis
1404 2581 1443 2602 ac
1463 2580 1601 2603 censum
1622 2569 1793 2602 hominum
1815 2580 1902 2602 cen-

95 2631 234 2664 sualium
265 2641 339 2663 cum
369 2632 537 2664 universis
566 2634 599 2663 et
627 2630 766 2674 singulis
804 2632 1023 2675 pertinentiis,
1063 2629 1236 2672 fructibus.
1275 2629 1458 2663 redditibus
1496 2634 1527 2663 et
1561 2629 1779 2675 proventibus
1809 2629 1903 2661 ‹licia›

250 2709 276 2736 a)
298 2706 327 2729 In
347 2706 392 2729 der
412 2705 550 2737 Abscllrift
570 2709 627 2729 steis
651 2706 834 2737 ,Stumberg*‚
855 2704 944 2728 ebeizso
964 2707 1009 2728 ‘rie
1030 2709 1089 2728 stat!
1110 2705 1205 2728 Glaulen
1219 2719 1249 2722 —
1262 2705 1370 2729 Schulen
1392 2714 1415 2730 u.
1430 2714 1452 2728 a.
1468 2714 1498 2728 m.

1748 2756 1779 2779 :⁷51

1935 880 1966 902 ]‹)

1931 1486 1964 1510 ΞΗ

1926 2091 1959 2115 30

1923 2392 1957 2417 :35

1922 2702 1958 2726 40
