2421 3064
941 212 1151 245 laio—1:347
1899 210 1945 243 >13

211 304 296 359 54,
1372 327 1469 361 13»Ίὸ
1497 328 1642 362 October
1669 328 1694 362 8
1723 330 1890 373 Ariytwn.

143 393 179 427 P.
215 393 370 427 Clemens
398 392 452 427 Vl.
475 393 675 438 beaus'tragst
704 396 766 428 den
790 395 912 429 Delum
934 406 997 429 von
1021 395 1163 438 (Minuta,
1194 397 1248 430 die
1269 396 1486 431 Slreitsaehe
1516 398 1680 431 z-wz'schen
1712 399 1784 431 (lem
1808 399 1946 433 Issos-ter

210 452 398 487 lVelelirad
428 455 494 487 mul
522 455 593 488 dem
625 455 769 489 Richter
801 455 911 489 Nc‘nlw
942 457 983 489 de
1012 456 1132 490 Arena
1163 468 1203 490 z-et
1233 459 1459 491 uulcrsuelten
1491 459 1557 491 med
1587 470 1626 491 zu
1657 459 1886 492 eulsclieideu.

296 513 462 562 Clemens
492 531 669 574 episcopus
700 540 820 563 servus
849 540 1025 563 servorum
1056 530 1120 563 dei.
1164 531 1293 564 Dilecto
1324 531 1388 565 lilio
1411 559 1416 565 .
1443 560 1448 565 .
1471 532 1598 566 decano
1629 533 1772 566 ecclesie
1803 533 1946 566 (Homu-

137 590 249 621 ceusis
277 587 418 621 salutem
457 592 489 621 et
517 589 732 634 apostolicam
764 589 1049 624 benediccionem.
1099 590 1280 636 Conquesli
1319 597 1393 625 sunt
1433 592 1528 626 nobis
1565 592 1667 627 abbas
1697 598 1727 627 et
1758 598 1944 627 conventus

139 651 331 682 monasterii
361 648 401 681 de
422 648 609 693 lVelegrad
639 648 875 684 Cisterciensis
908 651 1043 690 ordinis,
1067 650 1301 686 Oloniucensis
1331 652 1489 695 diocesis,
1520 654 1604 698 quod
1628 653 1736 687 Ninko
1766 654 1806 687 de
1827 655 1942 688 Arena

138 709 234 743 miles
263 708 413 743 eiusdem
444 709 588 743 diocesis
609 721 709 755 super
730 714 839 747 terris.
869 711 999 753 debitis,
1026 712 1294 757 possessionibus
1315 717 1347 746 ct
1368 712 1467 746 rebus
1497 713 1568 746 aliis
1589 717 1782 747 iniuriantur
1803 715 1941 748 eisdem.

137 769 283 815 Ideoque
308 770 507 803 discrecioni
526 797 531 803 .
551 797 558 803 .
578 770 605 803 .¹
637 771 755 805 Datum
776 772 951 811 Aviniou.,
974 772 1063 806 V111⁰
1084 772 1154 806 idus
1175 772 1332 816 octobris,
1354 772 1562 818 pontificatus
1583 777 1687 807 nostri
1708 786 1795 808 anno
1816 779 1940 820 quinto.

448 839 515 866 sod.
546 840 701 867 {teleto-ml.
724 841 776 874 fol.
806 842 874 868 110¹.

206 931 1448 988 55.1347
1470 954 1628 988 Februar
1648 955 1696 988 23
1722 956 1888 990 Krumau.

138 1019 242 1053 Peter
273 1030 335 1053 ron
364 1019 569 1064 Roseubery
608 1020 780 1054 uberlasst
817 1022 870 1055 die
907 1022 971 1055 ilem
1002 1034 1065 1055 ron
1096 1025 1219 1057 seitzem
1249 1022 1439 1067 Sclewaqer
1468 1023 1632 1058 Heinrich
1662 1036 1726 1058 1:011
1759 1026 1942 1061 l’lumelmu

136 1080 352 1124 zuyefallene
381 1080 479 1124 But-(s
508 1080 695 1114 Plumenan
725 1083 782 1114 mit
810 1082 909 1115 ollem
940 1082 1102 1127 anehor
1131 1096 1173 1117 au
1204 1084 1323 1117 (less-en
1348 1083 1484 1117 Bruder
1505 1084 1660 1118 Beuesch
1692 1097 1753 1118 ron
1778 1086 1940 1121 lsrwrar.

290 1149 373 1197 Nos
402 1163 520 1197 Petrus
559 1164 599 1197 de
628 1164 861 1209 Rosenbercb,
895 1177 1041 1199 summus
1071 1169 1166 1211 regni
1196 1166 1358 1200 Bohemie
1387 1170 1602 1211 camerarius,
1635 1168 1674 1201 ad
1706 1171 1939 1203 universorum

134 1226 290 1257 noticiam
320 1228 436 1257 tenore
474 1227 685 1270 presencium
716 1225 870 1259 volumus
899 1226 1071 1263 devenire,
1110 1227 1199 1272 quod
1238 1230 1315 1260 moti
1343 1230 1544 1261 sinceritatis
1574 1231 1736 1266 amicicia,
1773 1241 1871 1275 quani
1901 1232 1939 1264 ad

134 1283 289 1318 dilectum
319 1287 508 1318 sororinum
538 1289 686 1318 nostrum
721 1285 887 1319 dominum
918 1285 1158 1320 Benesscliium
1194 1287 1234 1321 de
1264 1286 1406 1321 Crawar
1434 1287 1549 1322 haberi
1580 1288 1817 1333 dignoscimur,
1855 1291 1939 1325 bona
1977 1295 1993 1317 Γ»

134 1344 382 1378 deliberacione
418 1344 592 1390 prebabita
631 1345 671 1379 de
707 1346 878 1380 voluntate
917 1346 971 1380 filii
1014 1351 1117 1381 nostri
1160 1348 1270 1382 dilecti
1310 1348 1398 1382 Petri
1441 1349 1482 1382 de
1519 1348 1752 1393 Rosenberch,
1796 1352 1939 1385 ecclesie

134 1404 314 1450 Pragensis
351 1408 515 1448 canonici,
553 1409 766 1451 omniumque
795 1407 934 1440 aliorum
963 1413 1152 1442 nostrorum
1182 1408 1344 1442 heredum
1383 1409 1423 1442 de
1453 1420 1619 1444 consensu
1658 1410 1755 1446 bona.
1787 1412 1940 1446 videlicet

133 1470 279 1500 castrum
308 1477 382 1499 cum
412 1465 570 1500 suburbio
600 1469 631 1500 iu
652 1466 861 1504 Pluiubnaw,
887 1468 984 1502 villas
1006 1468 1183 1512 Sobiesuk,
1213 1468 1401 1509 ZarowicZ‚
1433 1469 1743 1516 Prostyeiowiczie,
1773 1471 1939 1516 Dratinus.

134 1525 322 1570 Ottenslag,
351 1525 531 1569 Bohussiu,
571 1527 703 1572 opidum
734 1526 922 1571 Costelecz,
961 1531 1038 1562 item
1069 1529 1163 1563 villas
1192 1529 1349 1573 Marssin,
1383 1529 1608 1573 Hartmanicz,
1647 1530 1869 1566 Czecliowicz
1908 1538 1940 1567 et

133 1585 287 1620 Crassicz
325 1598 398 1621 cum
437 1590 528 1632 agris
566 1588 662 1621 cultis
700 1592 731 1621 et
768 1588 910 1626 incultis,
940 1592 1054 1635 pratis,
1093 1593 1236 1635 pascuis,
1280 1589 1457 1633 montibus,
1496 1591 1612 1636 planis,
1656 1592 1760 1635 silvis,
1799 1593 1936 1631 rubetis.

133 1647 385 1691 venacionibus,
415 1648 708 1694 aucupacionibuS.
738 1648 995 1694 piscacionibus,
1024 1653 1118 1695 aquis
1148 1662 1354 1695 aquarumve
1384 1651 1592 1695 decursibus,
1621 1655 1769 1698 piscinis,
1805 1655 1939 1687 emolu-

132 1710 264 1751 mentis,
308 1711 378 1742 iure
416 1713 612 1754 patronatus
650 1709 882 1751 ecclesiarum,
926 1710 1083 1753 dominio,
1123 1710 1287 1754 libertate,
1330 1712 1496 1749 censibus.
1528 1713 1758 1758 proventibus„
1797 1715 1937 1748 iudiciis.

133 1767 298 1802 theloneis
341 1768 478 1814 aliisque
517 1780 631 1803 earum
660 1769 924 1803 obvencionibus
963 1775 993 1803 et
1024 1773 1237 1815 pertinenciis
1266 1774 1445 1809 universis,
1485 1784 1548 1817 que
1579 1784 1665 1806 nunc
1701 1773 1743 1807 ibi
1781 1779 1855 1808 sunt
1885 1776 1937 1808 vel

133 1828 205 1862 fieri
234 1833 389 1875 poterunt
418 1832 449 1863 in
479 1829 624 1863 futurum
654 1840 853 1875 quocunque
891 1835 1093 1864 censeantur
1122 1834 1269 1875 nomine,
1308 1843 1372 1877 que
1401 1832 1496 1866 uobis
1536 1838 1567 1866 et
1596 1833 1777 1867 heredibus
1815 1839 1937 1869 nostris

133 1900 194 1935 per
221 1892 410 1923 sororInum
441 1895 590 1924 nostrum
621 1890 775 1924 dilectum
805 1891 970 1925 dominum
1002 1891 1181 1925 IIeuricum
1213 1892 1253 1925 de
1282 1892 1488 1936 Pluinbnaw,
1523 1896 1665 1927 utrinum
1695 1894 1830 1928 fratrem
1861 1896 1937 1929 dicti
1956 1899 1988 1920 '3

132 1949 255 1983 domini
293 1950 457 1993 Benessii,
497 1950 638 1985 divisum
678 1955 709 1984 et
747 1956 994 1996 sequestratum
1033 1952 1073 1985 ab
1112 1963 1164 1989 eo.
1204 1955 1266 1986 rite
1304 1957 1335 1986 et
1374 1953 1622 1987 racionabiliter
1652 1982 1658 1987 .
1691 1982 1697 1987 .
1730 1959 1762 1987 .³‘
1799 1961 1937 2000 erogata

132 2009 277 2054 fuerunt,
306 2013 369 2057 ipsi
398 2010 532 2045 domino
554 2010 716 2045 Benessio
746 2012 874 2054 damus,
904 2012 1140 2058 confer[i1uus]
1169 2017 1200 2046 et
1230 2013 1391 2047 donamus
1421 2017 1452 2047 in
1482 2013 1569 2047 hunc
1600 2015 1730 2048 modum
1770 2016 1937 2050 videlicet.

131 2073 160 2104 si
189 2070 332 2105 heredes
362 2072 530 2106 masculos
566 2074 673 2117 ipsum
703 2071 828 2106 hahere
858 2075 1069 2117 contingerit,
1108 2078 1184 2107 tunc
1214 2076 1284 2119 ipsa
1314 2073 1398 2108 bona
1439 2086 1512 2108 cum
1542 2074 1694 2109 omnibus
1724 2079 1938 2121 pertinenciis

223 2157 229 2165 .
260 2143 334 2165 eum
365 2136 397 2165 et
425 2143 505 2166 suos
534 2132 678 2166 heredes
708 2133 873 2167 masculos
902 2136 973 2166 iure
1002 2133 1206 2167 hereditario
1236 2161 1242 2168 .
1276 2161 1282 2167 .
1315 2162 1321 2168 .
1353 2162 1360 2168 .
1392 2135 1582 2178 manebunt,
1619 2138 1646 2170 si
1680 2148 1763 2170 vero
1795 2136 1938 2170 heredes

131 2192 358 2226 tantummodo
395 2190 573 2226 femellas¹'
608 2196 714 2239 ipsum
753 2193 878 2227 habere
916 2196 1097 2238 contingat,
1138 2198 1214 2228 tunc
1252 2194 1338 2228 bona
1373 2195 1563 2241 supradicta
1593 2199 1740 2230 estimari
1775 2201 1807 2230 et
1836 2201 1938 2230 taxa-

130 2251 175 2297 [ri
205 2279 211 2286 .
244 2280 251 2286 .
283 2279 289 2286 .
323 2280 329 2286 .
360 2253 485 2299 m]edia
522 2265 600 2299 pars
638 2264 766 2287 summe
800 2257 972 2299 peccunie.
1010 2265 1070 2299 pro
1109 2265 1172 2299 qua
1210 2254 1295 2288 bona
1332 2254 1496 2300 pr[edicta
1527 2255 1655 2301 taxata]
1692 2267 1752 2290 seu
1787 2260 1937 2291 estimata

130 2312 265 2356 fuerint,
294 2314 520 2359 predictorum
550 2313 712 2347 bonorum
752 2314 818 2348 filie
847 2315 902 2348 vel
931 2314 1061 2348 filiabus
1091 2314 1231 2360 predicti
1270 2314 1392 2348 domiui
1422 2314 1585 2351 Benessii.
1623 2320 1650 2350 si
1680 2328 1761 2362 quas
1790 2317 1938 2362 legitime

130 2373 294 2417 habuerit,
324 2385 384 2420 pro
415 2374 432 2408 d
465 2401 470 2407 .
504 2401 510 2408 .
543 2401 549 2407 .
582 2402 588 2409 .
620 2379 652 2409 et
682 2375 825 2409 heredes
855 2380 988 2409 nostros
1018 2374 1180 2409 debentur
1209 2378 1387 2420 assignari.
1420 2376 1456 2410 Si
1485 2381 1594 2410 autem
1624 2376 1763 2422 [nullos]
1791 2377 1937 2411 heredes

129 2433 294 2478 habuerit,
333 2439 409 2468 tunc
448 2439 521 2480 post
559 2435 733 2469 decessum
772 2439 840 2469 vite
879 2447 938 2469 sue
977 2439 1121 2468 castrum
1161 2440 1192 2468 et
1229 2435 1316 2469 bona
1355 2439 1463 2469 omnia
1503 2437 1691 2482 supradicta
1729 2438 1767 2471 ad
1808 2449 1868 2471 nos
1906 2443 1938 2471 et

1966 961 1996 984 1«.

1958 1600 1990 1624 2⁴⁷)

1956 1900 1976 1922 μ

1958 2201 1991 2223 :to

130 2493 274 2528 heredes
312 2499 458 2537 nostros,
496 2498 523 2528 si
561 2495 621 2529 sibi
658 2522 820 2529 .....
859 2496 1014 2529 masculis
1053 2498 1354 2540 supervixeriinus,
1393 2499 1523 2541 integre
1562 2502 1593 2530 et
1631 2497 1774 2531 totaliter
1810 2498 1936 2532 devol-
1956 2501 1989 2523 5'17·

283 2566 309 2589 a)
331 2562 404 2585 Di'ese
432 2563 482 2585 und
507 2563 547 2586 die
567 2562 699 2594 folqmnden
725 2563 798 2587 [laeils
825 2563 1071 2595 eitzyelzlarrimerteri,
1097 2562 1169 2585 llceuls
1193 2562 1343 2595 punhffrstm
1365 2563 1457 2586 Stellen
1484 2564 1541 2587 siml
1567 2565 1600 2587 im
1627 2564 1697 2596 Oriy.
1723 2565 1802 2588 ιΙυι-ιἸι
1831 2565 1938 2588 Fn'ulnix

129 2604 253 2629 πυτίαι-Μ.
290 2605 313 2636 b)
335 2605 422 2629 Dnrcli
445 2606 569 2637 Boslflecli
588 2607 640 2636 sust
661 2606 823 2632 unleserliela.

285 2684 303 2714 ¹)
324 2683 361 2707 Im
382 2685 497 2708 nceiteren
517 2683 642 2708 tl'ortluue
661 2692 725 2716 qauz
744 2683 931 2716 gleichlautend
950 2686 993 2707 mit
1015 2693 1054 2708 nr.
1069 2685 1108 2708 52.
