2421 3064
992 234 1071 266 1:367
1885 230 1904 263 9
1911 230 1931 263 7

125 334 350 378 suprascripta
380 343 523 377 quoque.
555 333 765 377 privilegium
796 332 965 367 videlicet.
1005 332 1177 366 articulum
1208 337 1238 365 et
1269 332 1533 377 descript-ionem
1563 332 1760 377 sigillmunn,
1791 338 1820 365 ut
1852 345 1934 378 pre—

126 395 276 430 mittitur„
307 403 380 426 eum
411 395 548 425 notariis
578 392 773 439 subscriptis
802 392 945 427 fideliter
974 392 1170 426 auscultavi.

282 452 323 486 Et
352 464 417 497 ego
448 452 564 486 Petrus
594 454 669 486 oliui
702 453 787 487 l'ctri
829 454 869 487 (le
900 452 1094 487 Gewiczca.
1124 452 1288 498 presbiter
1317 454 1550 487 Oloniuccusis
1579 454 1748 499 dyocesis,
1788 453 1934 498 publicus

127 513 290 559 imperiali
319 516 516 547 auctoritate
547 517 694 547 notarius
716 517 864 559 presenti
887 518 1111 559 transsumpto
1138 524 1197 559 per
1219 524 1348 546 manum
1379 513 1512 546 discreti
1535 516 1597 547 viri
1617 512 1785 547 Buzkonis
1816 513 1934 558 publici

126 577 244 607 notarii
274 576 400 619 scripto
439 578 470 606 et
500 577 529 607 in
561 574 645 607 hanc
676 574 837 619 publicam
879 574 1020 608 formam
1055 574 1205 616 redactQ
1244 574 1329 618 quod
1361 585 1433 607 cuin
1464 577 1542 619 ipsis
1571 574 1789 618 originalibus
1820 575 1933 607 litteris

125 645 186 667 seu
207 634 394 680 privilegiis
415 638 447 667 et
467 634 606 667 articulo
637 638 761 668 inscrto
792 646 830 668 ac
852 633 1225 679 circumscripcionibus
1254 633 1435 678 sigillorum
1466 637 1554 667 oniui
1575 637 1663 668 vicio
1693 639 1724 668 et
1744 637 1933 680 suspicione

110 687 253 728 'carenti
283 694 462 739 diligenter
490 695 674 728 auscultato
705 695 744 728 dc
767 694 871 728 verbo
903 695 942 727 ad
965 694 1105 728 verbum
1128 695 1207 731 vidi.
1237 694 1303 738 legi
1333 699 1365 728 et
1384 694 1592 728 concordare
1618 698 1726 740 reperi
1756 699 1788 728 et
1808 697 1933 730 inveni.

128 765 181 788 me
219 754 462 788 subscribendo
500 759 531 787 et
570 758 666 799 signo
710 766 782 788 ineo
822 758 960 801 proprio
1005 759 1144 800 rogatus
1181 759 1214 788 et
1250 757 1428 800 requisitus
1470 758 1602 799 signavi
1640 758 1669 788 in
1709 758 1929 789 testimonium

129 818 381 861 premissorum.

281 875 322 909 Et
359 886 424 920 ego
455 875 644 920 Stephanus
677 875 816 909 Audi-ee
846 876 887 909 de
917 875 1083 921 Bysencze
1123 875 1288 921 presbiter
1317 875 1550 910 Olomucensis
1586 877 1753 921 dyocesis,
1785 875 1932 920 publicus

125 939 322 970 auctoritate
351 936 513 981 imperiali
544 939 690 969 notarius
714 939 861 981 presenti
882 941 1109 981 transsumpto
1139 947 1199 981 per
1219 947 1350 969 manum
1380 936 1514 969 discreti
1535 939 1598 969 viri
1625 936 1785 969 Busconis
1815 935 1933 981 publici

127 999 246 1030 notarii
275 999 400 1042 scripto
438 1001 470 1030 et
499 999 529 1029 in
561 996 646 1030 hanc
675 996 838 1042 publicam
869 996 1011 1030 formam
1052 997 1201 1033 redacto.
1240 997 1326 1041 qnod
1357 1007 1430 1030 cuin
1460 999 1540 1041 ipsis
1569 995 1786 1040 originalibus
1814 996 1932 1030 litteris

127 1068 186 1091 seu
217 1057 402 1103 privilegiis
423 1061 455 1090 et
474 1057 614 1091 articulo
645 1060 769 1091 inserto
790 1068 829 1090 ac
851 1056 1228 1102 circuinscripcionibus
1257 1057 1441 1101 sigillorum
1471 1059 1560 1089 omni
1581 1059 1668 1089 vicio
1689 1061 1719 1088 et
1740 1059 1931 1100 suspicione

125 1120 253 1151 carenti
283 1117 460 1162 diligenter
488 1118 673 1151 auscultato
702 1118 743 1151 ‹le
764 1117 870 1151 verbo
893 1118 932 1151 ad
950 1117 1091 1151 verbum
1113 1117 1193 1159 vidi,
1223 1117 1291 1162 legi
1319 1128 1359 1150 ac
1379 1116 1587 1150 concordare
1616 1118 1726 1161 reperi
1755 1120 1786 1148 et
1807 1119 1931 1159 inveni,

127 1189 179 1212 me
217 1177 459 1212 subscribendo
495 1182 526 1212 et
564 1181 660 1223 signo
705 1190 778 1211 mco
822 1181 958 1224 proprio
1003 1182 1142 1222 rogatus
1181 1183 1213 1211 et
1251 1180 1429 1222 requisitus
1471 1180 1604 1222 signavi
1642 1179 1672 1209 in
1711 1179 1931 1211 testimonium

126 1241 366 1284 premissorum
396 1238 435 1272 ad
466 1243 659 1284 perpetuam
690 1238 785 1272 fidem
817 1238 1016 1272 faciendam.

439 1308 523 1334 Liulss
549 1318 600 1334 run
625 1309 677 1334 dra
706 1308 970 1343 l'ulei-lci‘ti'yuuyen
1006 1308 1051 1334 die
1076 1309 1140 1334 drec'
1171 1308 1430 1335 Nolart'ulsz-eiclieu
1462 1309 1533 1334 ohne
1567 1309 1679 1334 λιιιηθιι.

435 1360 525 1397 Oriy..
558 1360 638 1395 Persi.
663 1361 715 1394 (4'7
735 1359 766 1388 ><
786 1361 856 1386 51’;”1
877 1358 903 1389 >h
925 1360 965 1392 2).
998 1360 1089 1395 Sieqel
1119 1361 1168 1386 des
1195 1359 1374 1395 ‚llarhyrafen
1406 1360 1516 1386 -Joliann
1549 1370 1585 1386 (ιιι
1620 1360 1737 1387 Pressel.
1766 1376 1805 1379 —-
1832 1360 1936 1387 Brunn.

539 1412 634 1439 Sludla
639 1413 686 1438 1“(·Ιι
692 1415 700 1437 i
704 1422 716 1438 1·
722 1434 728 1440 .

197 1539 310 1589 114.
1598 1559 1695 1593 1367
1725 1560 1798 1593 me·
1826 1559 1883 1592 13.

128 1628 240 1661 Adam
281 1639 342 1661 con
382 1627 536 1672 l'sessely
576 1630 777 1673 rei-psaudel
816 1630 886 1662 dem
919 1629 1065 1673 Psarrei·
1094 1628 1188 1663 [ιι-(ιη
1219 1630 1250 1662 iu
1280 1621 1419 1663 Genu-ir
1447 1631 1543 1663 einen
1575 1629 1671 1663 Lalm
1703 1631 1733 1662 iu
1768 1627 1933 1672 lVesselgs.

282 1696 461 1745 Noverint
480 1714 630 1745 universi
651 1715 863 1757 presencium
881 1713 1061 1746 auditores.
1083 1713 1168 1757 quod
1193 1724 1258 1756 ego
1279 1712 1388 1746 Adam
1409 1713 1449 1748 de
1462 1712 1618 1745 Wessele
1640 1717 1727 1745 motu
1744 1715 1880 1757 proprio
1897 1723 1935 1744 ac

120 1771 298 1812 ,voluntate
328 1771 414 1805 bona
436 1776 465 1805 et
487 1772 527 1805 de
548 1782 715 1805 consensu
745 1772 947 1805 conthoralis
969 1775 1031 1805 mei
1054 1776 1085 1805 et
1105 1772 1284 1806 liberorum
1307 1784 1456 1806 meorum
1479 1772 1664 1817 obligamus
1686 1784 1783 1805 unum
1805 1772 1934 1805 laneum

126 1831 247 1866 ibidem
277 1835 308 1866 in
335 1833 504 1868 Wessele.
540 1836 569 1865 in
601 1843 665 1877 quo
695 1844 756 1866 sex
787 1832 938 1865 homines
969 1833 1144 1866 censuales
1174 1833 1321 1866 resident
1349 1837 1380 1866 et
1410 1837 1572 1866 censuant
1600 1835 1768 1866 annuatim
1797 1832 1838 1865 de
1866 1835 1934 1865 toto

125 1892 184 1927 XL
204 1904 344 1938 grossos
373 1898 404 1927 et
434 1893 607 1927 duodecim
638 1893 758 1938 pullos.
789 1896 819 1926 in
849 1893 934 1926 festo
964 1892 1050 1926 beati
1072 1893 1267 1926 Wenceslai
1297 1904 1359 1926 sex
1388 1897 1420 1926 et
1449 1897 1479 1926 111
1509 1896 1680 1926 nativitate
1710 1891 1831 1926 Christi
1861 1903 1932 1928 sex,

127 1953 273 1987 discreto
289 1956 363 1988 viro
385 1954 518 1988 domino
539 1954 655 1988 Iwano
676 1953 842 1999 1110110110ἰῑ
862 1958 893 1987 et
914 1953 1058 1987 ecclesie
1078 1965 1137 1987 sue
1159 1954 1212 1986 vel
1233 1953 1487 1987 successoribus
1507 1956 1574 1987 suis
1595 1956 1626 1987 in
1647 1952 1801 1986 Czrnwir
1822 1956 1851 1986 in
1874 1964 1933 1986 sex

127 2017 249 2048 marcis
278 2025 474 2059 grossorum
505 2015 717 2049 denariorum
748 2014 965 2058 Pragensium
997 2018 1027 2047 et
1056 2017 1184 2047 numeri
1214 2014 1391 2057 Moravici,
1421 2017 1595 2058 sexaginta
1626 2018 1768 2058 quatuor
1796 2023 1935 2057 grossos

128 2085 187 2119 pro
208 2074 353 2120 qualibet
382 2086 494 2108 marca
516 2074 752 2121 computando.
784 2074 939 2108 videlicet
969 2074 1111 2107 eundem
1141 2074 1272 2108 laneum
1303 2079 1335 2108 et
1354 2074 1489 2108 eosdem
1520 2074 1672 2108 homines
1701 2073 1739 2107 ad
1762 2073 1935 2108 tenendos.

127 2134 334 2169 utifruendos
364 2138 451 2169 omni
482 2138 564 2170 iure.
595 2135 712 2180 quibus
742 2146 803 2169 nos
832 2137 996 2168 tenuimus
1022 2139 1054 2167 et
1074 2137 1124 2168 usi
1145 2146 1257 2168 sumus
1286 2146 1391 2180 usque
1420 2138 1450 2168 in
1472 2145 1624 2180 presens.
1655 2138 1795 2179 excepta
1826 2138 1935 2166 steura

128 2195 245 2240 regali,
267 2207 364 2241 quam
394 2207 454 2229 nos
484 2199 590 2229 eciam
620 2196 736 2229 tollere
757 2196 911 2229 volumus
932 2200 962 2228 et
984 2197 1068 2239 regi.
1098 2200 1130 2228 ut
1156 2206 1228 2229 mos
1249 2200 1309 2238 est,
1340 2195 1501 2241 expedire
1531 2194 1701 2228 debemus.
1741 2199 1774 2228 et
1794 2198 1933 2239 excepta

128 2266 236 2289 avena
258 2255 442 2290 forestarea
463 2255 560 2302 [que]
586 2256 705 2290 dicitur
725 2261 756 2289 et
777 2256 933 2289 videlicet
955 2256 1058 2301 culpis
1079 2259 1275 2301 capitaneis,
1296 2267 1377 2300 quas
1397 2267 1458 2289 nos
1479 2255 1538 2289 soli
1561 2255 1707 2289 iudicare
1728 2254 1882 2288 volumus
1904 2259 1933 2287 et

128 2315 169 2349 ad
199 2327 278 2350 usus
298 2321 432 2350 nostros
452 2320 605 2362 recipere
626 2316 797 2358 dehemus.
820 2317 945 2350 scilicet
964 2321 1125 2361 stuprum.
1148 2315 1373 2357 homicidium.
1394 2316 1593 2358 incendium.
1616 2315 1750 2357 furtum,
1771 2319 1803 2348 et
1819 2325 1935 2348 omnes

128 2375 264 2410 robotas
285 2377 472 2421 vulgariter
501 2377 604 2410 dictas
634 2388 693 2422 pro
714 2381 826 2410 nostra
857 2381 947 2409 curia
980 2387 1217 2418 reservamus.
1247 2377 1328 2410 alias
1348 2381 1457 2410 autem
1486 2387 1604 2410 omnes
1633 2375 1747 2421 culpas
1777 2378 1934 2408 minores.

129 2447 193 2481 que
222 2437 442 2470 diiudicantnr
467 2437 506 2470 ad
528 2442 604 2471 octo
633 2437 768 2471 solidos.
800 2440 871 2482 ipse
901 2437 1070 2482 predictus
1099 2436 1260 2482 plebanus
1290 2437 1344 2471 vel
1373 2447 1591 2470 successores
1619 2439 1680 2478 sui,
1709 2440 1744 2469 ut
1772 2435 1934 2481 prefatum

130 2501 191 2540 est„
222 2500 305 2539 iure.
335 2509 400 2542 quo
429 2508 489 2531 nos
519 2497 670 2531 fecimus.
702 2501 733 2531 in
759 2501 913 2543 proprios
943 2508 1021 2530 usus
1052 2496 1284 2530 reservabunt.
1332 2497 1415 2542 Ipsis
1445 2500 1548 2530 eciam
1580 2496 1767 2530 hominibus
1796 2499 1827 2529 in
1856 2506 1935 2540 sepe

131 2556 218 2590 dicto
247 2558 345 2591 laneo
374 2558 493 2606 damus¹
519 2557 682 2591 licentiam
714 2558 895 2591 secundum
929 2560 1076 2602 priorem
1108 2557 1381 2591 consuetudinem
1413 2561 1442 2591 in
1473 2560 1594 2591 nostris
1623 2556 1816 2590 nemoribus
1844 2556 1932 2600 ligna

129 2618 313 2663 recipiendi
341 2629 402 2663 pro
432 2618 568 2651 utilitate
597 2621 683 2662 ignis
712 2622 743 2651 et
773 2617 979 2651 edificiorum
1011 2618 1065 2651 vel
1094 2621 1308 2652 necessitate.
1356 2618 1578 2651 promittimus
1608 2620 1712 2651 eciam
1742 2617 1828 2650 hona
1858 2615 1932 2649 fide.

286 2701 314 2735 a)
335 2702 421 2734 0r19.:
442 2699 512 2726 πο.

1800 2754 1832 2778 13

1956 880 1986 903 lt)

1956 1570 1990 1592 21)

1955 2201 1989 2226 30

1956 2503 1988 2526 351
