2421 3064
956 252 1039 284 13ssss
1826 250 1872 282 223
1884 249 1892 282 l

90 354 200 383 tamen
229 349 355 382 dierum
386 352 547 382 canonica
579 353 766 383 monicione
796 353 957 396 premissa
989 350 1125 383 serimus
1154 352 1185 382 iu
1216 350 1276 383 liiis
1307 354 1449 396 scriptis.
1480 355 1505 385 si
1536 362 1600 385 non
1625 353 1783 385 feceritis.
1814 353 1898 396 quod

90 409 285 443 mandamus
324 409 472 443 districtc
510 410 727 456 precipiendo
767 411 972 444 mandamus.
1012 415 1174 455 quatenus
1214 413 1244 443 in
1284 412 1436 445 ecclesiis
1474 416 1595 446 vestris
1635 417 1664 446 et
1699 413 1775 445 alibi
1805 418 1898 458 prout

88 470 218 503 fueritis
248 473 410 515 requisiti.
441 482 558 503 omnes
587 475 617 504 et
647 472 797 515 singulos
827 474 998 516 utriusque
1028 482 1132 504 sexus
1162 471 1278 504 lideles
1309 475 1482 506 moneatis.
1513 484 1596 518 qnos
1617 478 1646 506 et
1669 484 1729 506 nos
1750 484 1898 518 presen-

90 530 176 564 tibus
205 541 413 567 amonemus.
444 535 476 563 nt
506 531 590 564 inl'ra
621 532 809 576 quindecim
840 532 910 565 dies
941 531 1183 565 monicionihus
1213 535 1336 565 vestris
1357 536 1530 577 proximos
1561 544 1598 566 se
1627 545 1644 566 a
1666 536 1900 567 communione

88 590 248 624 Janconis
279 595 307 623 et
331 590 472 624 Erliardi
495 591 535 623 de
558 591 725 625 llerolticz
747 592 974 637 principalium
998 596 1242 638 occupatorum
1264 592 1416 626 villarum
1439 594 1660 638 predictarum
1683 598 1713 627 et
1735 594 1818 627 silve
1839 605 1900 627 nec
1938 598 1954 619 Γ·

91 662 156 685 non
177 651 328 685 Andrec.
360 651 550 685 l’csslzonis.
582 652 772 685 llannussii.
804 652 1009 686 Krwietonis
1030 654 1125 694 (sie).
1150 652 1354 687 Wenczslai.
1384 652 1520 687 Mathie.
1550 654 1695 690 Martini.
1718 654 1898 687 Staukonis

90 723 129 745 ac
160 711 300 745 lx'rzisne
330 712 613 746 molendinatrieis
645 712 762 746 ibidem
794 718 1052 757 ceterorumtpie
1074 715 1272 746 rusticorum
1304 717 1333 746 el
1366 714 1547 747 incolarum
1579 718 1724 760 ipsarum
1747 715 1899 748 villarum

89 777 119 806 et
151 772 356 806 censualium
388 775 420 806 in
451 772 583 817 Rotigcl
614 777 643 806 ct
675 776 704 806 in
733 772 934 806 l‘okoiovicz
965 775 1122 818 predictis
1151 773 1275 807 scilicet
1307 774 1437 817 stando.
1468 775 1628 808 sedendo.
1660 775 1779 809 eundo.
1799 787 1899 809 com-

91 833 267 867 medendo.
298 832 453 868 bibeudO.
484 832 682 867 balneando.
713 835 900 878 coquendo.
931 834 1102 879 piscando.
1125 834 1291 875 molendo.¹
1318 833 1504 868 braxando.
1527 835 1682 869 emendo.
1705 837 1897 872 vendendo,

90 894 291 939 alloquendo
321 905 379 927 seu
410 894 632 938 quovismodo
662 895 742 927 alias
772 894 1007 928 conversando
1045 905 1081 927 se
1112 893 1281 927 retrahant
1312 899 1342 927 et
1372 895 1543 929 desistant.
1574 896 1718 941 alioquin
1750 900 1840 942 ipsos
1869 902 1899 930 et

91 965 208 988 eorum
239 954 417 999 quemlibet
448 965 510 987 uua
541 966 613 988 cuni
646 954 881 1000 principalibus
911 959 940 987 et
972 966 1086 987 eorum
1118 954 1263 999 quolibet
1289 958 1320 988 iu
1343 955 1395 988 dei
1417 958 1550 989 nomine
1571 960 1902 991 excommunicamus

92 1018 123 1049 in
163 1014 225 1049 biis
263 1018 406 1060 scriptis.
451 1018 763 1049 excommunicatos
802 1015 941 1059 singulis
977 1015 1153 1048 dominicis
1192 1014 1307 1048 diebus
1346 1018 1378 1049 in
1417 1016 1568 1050 ecclesiis
1606 1020 1728 1050 vestris
1766 1023 1796 1051 et
1826 1017 1902 1051 alibi

92 1077 176 1110 infra
208 1079 383 1109 missarum
413 1075 595 1120 solempnia
626 1075 756 1121 publice
787 1078 962 1109 nuncietis.
1004 1075 1040 1109 Si
1071 1086 1152 1109 vero
1183 1075 1259 1108 dicti
1289 1080 1572 1111 excommunicati
1603 1082 1633 1111 et
1663 1082 1840 1114 anci-avait
1871 1084 1901 1111 et

90 1136 227 1182 quilibet
256 1147 371 1170 eorum
403 1139 624 1170 communiter
652 1137 706 1170 vel
737 1137 868 1170 divisim
899 1139 1018 1169 animis
1048 1136 1207 1169 induratis
1239 1148 1300 1182 per
1328 1138 1517 1182 quindecim
1544 1138 1614 1172 dies
1635 1142 1808 1184 prox-imos
1829 1144 1901 1184 post

93 1199 314 1231 monicionem
345 1202 492 1231 vestram
525 1197 710 1230 liuinsmodi
741 1200 930 1231 sentencias
959 1200 1189 1236 sustinuerint,
1224 1200 1254 1230 in
1284 1197 1378 1236 loeis.
1409 1197 1526 1243 quibus
1556 1200 1631 1232 dicti
1661 1203 1901 1233 excommuni-
1940 1202 1949 1223 .-

91 1260 156 1291 cati
186 1262 217 1291 et
246 1261 424 1303 aggravati
463 1263 494 1291 et
530 1261 748 1302 reaggravati
788 1262 818 1291 et
858 1268 972 1291 eorum
1013 1256 1147 1301 quilibet
1187 1261 1388 1291 coniunctim
1420 1259 1473 1292 vel
1513 1259 1643 1293 dix-isim
1674 1263 1736 1293 visi
1767 1260 1901 1294 fuerint.

92 1329 219 1352 moram
250 1321 424 1353 traxerint.
456 1318 654 1351 domicilium
687 1318 872 1351 habuerint.
904 1321 1057 1351 venerint
1088 1320 1118 1350 iu
1141 1329 1245 1352 mora.
1271 1323 1302 1351 et
1324 1324 1396 1364 post
1417 1322 1563 1364 ipsorum
1585 1331 1757 1354 recessum
1780 1321 1901 1354 abinde

92 1390 152 1425 per
190 1379 332 1412 triduum
372 1381 511 1413 cessetis
550 1383 583 1411 et
620 1381 746 1412 cessari
786 1379 914 1412 l'aciatis
952 1390 969 1411 a
999 1378 1191 1424 solempniis
1227 1379 1426 1412 divinorum.
1485 1380 1520 1413 Si
1550 1391 1646 1423 vero.
1685 1381 1770 1426 quod
1801 1381 1899 1415 absit.

92 1440 254 1485 sepedicti
285 1442 567 1473 excommunicati
596 1442 759 1485 premissa
798 1442 907 1472 omnia
944 1450 1009 1472 non
1049 1442 1241 1472 curaverint
1281 1451 1343 1472 nec
1373 1440 1412 1472 ad
1443 1443 1608 1484 gremium
1640 1446 1755 1475 sancte
1786 1441 1901 1475 matris

91 1500 238 1534 ecclesie
267 1500 378 1534 redire
407 1503 623 1546 pertinaciter
653 1503 925 1545 contempserint.
956 1499 1040 1532 iufra
1080 1499 1268 1543 quindecim
1308 1500 1377 1533 dies
1412 1504 1586 1546 proximos
1615 1506 1687 1546 post
1717 1503 1902 1535 antedictos

92 1561 249 1595 videlicet
278 1561 464 1606 quindecim
493 1561 602 1606 diesif.
632 1571 715 1606 quos
736 1561 806 1594 dies
832 1563 910 1606 ipsis
931 1571 991 1605 pro
1013 1560 1255 1594 monicionihus
1276 1564 1447 1594 canonicis
1467 1565 1689 1606 assignamus.
1720 1561 1904 1597 venerint.¹'

93 1625 156 1657 visi
185 1622 320 1659 fuerint.
349 1622 549 1657 domicilium
581 1622 766 1656 habuerint.
800 1632 926 1655 moram
958 1624 1121 1654 traxerint
1149 1624 1180 1654 in
1210 1632 1315 1654 mora.
1345 1626 1377 1654 et
1406 1627 1479 1667 post
1502 1625 1648 1668 ipsorum
1676 1628 1705 1656 et
1728 1623 1901 1657 cuiuslibet

90 1694 207 1717 eorum
238 1694 408 1717 recessum
438 1694 500 1729 per
528 1683 671 1717 triduum
701 1686 844 1716 servetis
874 1687 905 1716 et
934 1685 1064 1715 servari
1100 1683 1228 1715 faciatis
1266 1684 1508 1716 strictissimum
1547 1683 1811 1717 ecclesiasticum
1843 1688 1900 1717 in—

93 1743 282 1780 terdictum,
313 1755 487 1789 quousque
516 1744 711 1778 duxerimus
736 1744 977 1777 revocandum.
1010 1743 1044 1776 In
1067 1746 1197 1787 signum
1220 1746 1438 1776 execucionis
1459 1755 1518 1788 per
1538 1755 1600 1777 vos
1623 1744 1708 1777 facte
1729 1750 1903 1790 presentes

92 1805 206 1838 literas
235 1815 308 1838 cum
339 1805 497 1838 all'ixione
527 1805 710 1849 sigillorum
742 1809 932 1838 vestrorum
964 1804 1058 1837 nobis
1089 1806 1264 1837 remittatis
1284 1814 1369 1848 pena
1390 1803 1450 1837 sub
1471 1807 1644 1849 premissa.
1674 1805 1794 1839 Datum
1816 1816 1902 1838 anno
1952 1817 1956 1829 ·

93 1865 216 1898 domini
245 1863 596 1899 M⁰CCC⁰LXXX⁰YI⁰
623 1868 653 1899 in
683 1870 796 1899 nostro
827 1867 1045 1897 monasterio.
1075 1864 1130 1897 lll.
1163 1864 1215 1897 die
1245 1867 1368 1898 mensis
1399 1868 1542 1909 augusti.
1573 1870 1687 1899 nostro
1713 1865 1772 1899 sub
1794 1866 1902 1910 sigillo

94 1925 306 1971 presentibus
336 1928 542 1970 appensione
570 1929 601 1959 in
632 1926 772 1959 evidens
802 1928 1023 1958 testimonium
1056 1925 1249 1958 eorundem.
1281 1925 1366 1958 Tres
1395 1926 1565 1959 diceiones
1596 1926 1775 1971 „videlicet
1799 1931 1902 1972 quin-

93 1986 202 2020 decim
232 1986 327 2019 dies‘·'
358 1987 613 2020 interlinealiter
641 1989 783 2032 scriptas
813 1997 877 2019 non
908 1988 996 2018 vicio
1026 1985 1083 2018 sed
1114 1996 1231 2018 errore
1261 1985 1495 2031 approbamus.

198 2046 278 2091 Aul*
299 2047 360 2080 der
392 2046 485 2079 Plz'eu
517 2047 623 2080 [iulis-5
663 2046 854 2092 Gyeorffius
892 2048 1037 2078 vicarius
1072 2048 1101 2078 in
1133 2045 1283 2078 Trebecz
1315 2050 1480 2079 executus
1510 2058 1581 2080 sum
1613 2048 1814 2091 mandatum.
1845 2048 1901 2081 sed

91 2112 229 2154 propter
258 2107 448 2141 absenciani
480 2107 612 2152 plebani
642 2109 750 2152 sigillo
781 2111 882 2140 carui.

197 2168 276 2212 „lus
298 2168 359 2201 clei·
389 2167 485 2200 Plica
516 2169 547 2200 ῐη
579 2168 640 2201 clei·
669 2168 788 2201 Mitte:
817 2167 1008 2202 Bernardus
1039 2172 1226 2201 conventor
1255 2168 1294 2201 de
1326 2168 1492 2201 lleralticz
1514 2173 1678 2201 executus
1709 2180 1779 2202 suni
1803 2180 1903 2202 inau-

92 2229 218 2271 datum,
247 2229 303 2263 sed
334 2233 472 2274 propter
501 2227 692 2262 absenciani
723 2229 822 2273 sig-itti
853 2233 915 2262 mei
947 2240 998 2262 me
1028 2228 1220 2273 subscripsi.

407 2290 495 2324 (stiffi.
521 2290 600 2324 Pei-9.
626 2290 683 2319 (47⁴6
696 2287 730 2319 ><
745 2290 815 2315 5723
831 2287 860 2319 -l-
878 2290 895 2315 4
914 2291 989 2321 mm).
1015 2299 1065 2315 ι-υη
1084 2290 1136 2314 den
1157 2289 1171 2314 7
1192 2293 1273 2315 nater
1291 2290 1342 2315 der
1359 2289 1435 2315 Pla-a
1454 2290 1678 2324 ansperti-acmen
1699 2290 1903 2325 ll'ar‘lzssieqeln

511 2342 576 2367 siml
593 2350 647 2367 nur
671 2343 716 2367 (lie
734 2342 849 2367 Bnnder
871 2342 997 2367 sit-lilhur
1014 2342 1070 2367 mul
1087 2341 1212 2367 muz-elue
1235 2341 1342 2375 Spuren
1361 2342 1495 2373 erlmlteu.
1519 2342 1571 2368 tias
1588 2342 1680 2377 Sieqel
1696 2343 1744 2367 (les
1761 2343 1904 2368 Scholten-

510 2393 586 2419 ables
611 2393 765 2420 Dmmldns.
790 2394 860 2419 rolli.
885 2394 949 2419 ocul
973 2394 1052 2429 16)(
1066 2393 1082 2418 4'
1101 2394 1167 2421 rm.)
1187 2402 1239 2419 rou
1257 2393 1316 2418 dem
1333 2393 1411 2427 Pergs.
1430 2393 1605 2427 abqerissen,
1622 2394 1669 2420 ΙιαΙ
1690 2394 1736 2419 die
1755 2394 1905 2427 l'msclirifl
1924 2402 1953 2425 3·

512 2465 617 2472 .....
635 2446 701 2471 LDI
728 2458 733 2463 ·
762 2446 930 2471 AsstzA't'ls
959 2458 964 2463 ·
994 2444 1181 2470 M<>Stl⁴31111
1208 2458 1214 2463 ·
1244 2445 1312 2470 ¹N'CE
1340 2457 1345 2463 ·
1376 2446 1495 2470 MARH']
1522 2458 1527 2463 ·
1557 2445 1732 2472 SC'(t'1'()I{.
1752 2467 1757 2472 .
1777 2467 1782 2472 .
1802 2467 1807 2472 .
1827 2467 1833 2472 .
1864 2462 1905 2465 ——

510 2497 616 2523 Brona.
643 2497 862 2523 Latzdesurvltic.
888 2498 949 2523 ,tr-e.
977 2497 1079 2523 Brut-tf.
1107 2496 1156 2523 Lt'l.
1184 2496 1214 2522 Η.
1239 2505 1282 2522 111'.
1303 2497 1360 2522 157
1377 2506 1402 2522 a.

248 2562 276 2580 a)
297 2555 344 2578 Die
364 2555 418 2578 clrei
438 2555 526 2578 lelzlc'n
547 2555 630 2579 ll‘orle
651 2555 710 2578 tiber·
730 2555 774 2578 dei·
794 2555 861 2578 Zeile
881 2554 1078 2587 ierit-lihqelrutqen.
1150 2555 1173 2579 'lt
1197 2555 1282 2578 Ihm-or
1302 2555 1397 2578 ultimo
1418 2555 1498 2579 din-elz
1521 2555 1617 2579 Pemlcle
1634 2555 1730 2587 yelilyl.

1923 901 1932 924 1

1938 904 1941 919 Ι
1950 903 1955 921 l

1923 1506 1957 1529 2⁴)

1923 1807 1938 1831 Ν.)

1941 1807 1952 1829 ἰ

1923 2119 1943 2141 ζ-ίΙ
1952 2125 1957 2138 i
