2421 3064
986 199 1071 231 1:391
1861 193 1929 227 291

116 301 146 331 in
178 297 365 341 Wclegratl
397 297 632 330 Oloiuuccnsis
667 297 810 331 diocesis
841 308 899 343 pro
929 302 961 330 et
991 299 1124 330 nomine
1154 296 1284 329 (lccime
1315 296 1438 341 papalis
1470 298 1574 341 ipsum
1606 300 1637 329 et
1668 302 1870 329 conventum
1898 310 1935 330 ac

117 360 356 391 monasterium
392 368 487 390 suuni
527 358 711 403 predictum
743 360 978 391 concernentis
1009 359 1125 401 viginti
1156 360 1299 401 quatuor
1329 367 1459 389 marcas
1488 367 1685 396 grossorum
1718 356 1934 399 l’ragensium

116 419 281 453 llloravici
311 421 502 463 pagamenti
533 429 593 463 pro
624 418 786 452 ambobus
808 421 957 452 terminis
986 417 1144 451 videlicet
1165 419 1270 449 sancti
1291 416 1423 449 Martini
1445 421 1476 449 et
1498 419 1679 450 nativitatis
1701 416 1823 450 Christi
1850 429 1936 450 nunc

117 481 271 524 proxime
300 478 422 523 elapsis
453 478 547 512 nobis
577 481 608 511 in
638 482 820 512 numeratis
849 480 998 524 pecuniis
1029 477 1190 523 persolvit
1210 481 1241 509 ct
1263 476 1303 509 dc
1324 476 1449 509 eisdem
1472 476 1601 510 xxlttl
1623 480 1744 510 marcis
1765 478 1937 514 satisfecit,

116 539 157 572 de
196 537 314 583 quibus
352 538 483 583 quidem
524 541 642 583 viginti
671 543 814 583 quatuor
843 541 964 572 marcis
993 548 1190 582 grossorum
1222 539 1326 582 ipsum
1358 536 1525 569 dominum
1558 564 1563 569 .
1598 563 1603 569 .
1636 537 1801 572 abbatem.
1845 549 1934 570 con-
1973 545 1990 567 Γ»

116 603 252 633 ventum
283 609 322 631 ac
353 601 591 632 monasterium
620 610 715 632 suum
745 599 914 645 predictos
945 597 1155 644 presentibus
1185 599 1374 642 quittamus.
1405 599 1528 641 quittos
1558 608 1691 642 quoque
1713 597 1883 631 reddimus
1904 603 1937 631 et

116 659 256 701 solutos,
300 658 416 692 dantes
454 658 514 692 sibi
557 664 731 704 presentes
769 660 896 693 litteras
935 662 1057 693 nostris
1095 658 1212 702 sigillis
1255 657 1475 702 subappensis
1513 658 1663 701 sigillatis
1702 661 1732 691 in
1774 658 1870 692 tidem
1908 663 1939 692 ct

117 718 258 753 evidens
297 721 519 752 testimoninm
559 722 810 764 premissorum.
859 719 978 753 Datum
1018 719 1191 761 Olomucz,
1230 729 1318 751 anno
1354 717 1477 751 domini
1507 717 1842 761 M‘'(JCC⁰LXXXXI‚
1887 719 1938 752 die

117 779 297 825 penultima
329 782 453 812 mensis
484 778 682 813 decembris.

430 849 573 882 Abschril'l
596 858 671 877 suec.
690 849 742 875 XV
765 851 799 875 im
821 850 935 884 „Codex
957 850 1213 877 ll⁷elelir‹1densis“.
1235 849 1287 882 sul.
1307 849 1345 874 ΤΗ
1363 849 1590 875 (ΙιιιϊΙεεέΓΠ-Ιιιίι.
1615 865 1654 867 ω
1682 849 1787 877 Brunn.
1814 850 1939 876 Lundes-
1962 856 1995 880 10

537 902 646 934 archiv,
670 901 730 927 Art.
755 902 902 928 ll'elehrad
925 902 956 928 G.
976 902 1024 934 Ill,
1052 901 1122 928 191.

195 1045 309 1095 334.
1775 1065 1882 1099 1391.

285 1133 472 1177 Fraymen!
501 1135 597 1167 einer
631 1132 792 1167 Urlmnde
817 1135 877 1177 far
905 1134 969 1167 den
1000 1133 1120 1167 Dec-au
1151 1134 1214 1168 der
1246 1132 1420 1167 Oltne'itzer
1450 1133 1580 1167 lfa-elce
1609 1134 1774 1167 Andreas

786 1193 975 1238 bell-effend
1004 1196 1101 1228 einen
1134 1194 1274 1228 Ablass.

277 1290 283 1296 .
316 1290 323 1296 .
356 1290 362 1296 .
392 1262 524 1296 Dilecto
554 1262 650 1296 nobis
679 1266 710 1296 in
731 1262 864 1297 Christo
885 1263 1024 1297 Andree
1054 1263 1182 1297 decano
1203 1262 1419 1297 Olomucensi
1444 1265 1650 1297 serenissimi
1672 1263 1794 1297 domini
1814 1263 1936 1298 Jodoci
1958 1263 1990 1289 15

122 1323 326 1357 marchionis
355 1322 509 1357 Moravie

279 1410 286 1417 .
319 1409 326 1416 .
358 1409 365 1416 .
396 1383 589 1417 Bonifacius
619 1383 730 1417 divina
761 1383 978 1429 providencia
1001 1395 1084 1430 papa
1105 1383 1200 1417 VIIII
1221 1395 1297 1417 suas
1318 1383 1413 1417 nobis
1435 1384 1559 1418 litteras
1580 1388 1754 1429 graciosas
1775 1389 1942 1420 concessit

123 1443 185 1478 sub
215 1443 278 1478 hac
307 1443 413 1478 forma

357 1531 363 1538 .
395 1504 626 1538 referendario
657 1509 771 1538 nostro
802 1509 831 1538 et
861 1505 1046 1550 apostolice
1075 1505 1166 1539 sedis
1195 1507 1317 1538 nuncio
1347 1504 1485 1538 salutem
1516 1509 1548 1538 et
1576 1505 1794 1551 apostolicam
1827 1505 1938 1540 bene-

122 1563 321 1599 diccionem.
366 1564 497 1606 Dudum
527 1565 691 1610 siquidem
721 1565 827 1600 felicis
857 1565 1110 1600 recordacionis
1962 1574 1996 1596 zo

318 1651 325 1658 .
359 1652 366 1659 .
397 1625 610 1659 moventibus
649 1626 689 1659 de
727 1626 866 1660 consilio
901 1629 1006 1659 eciam
1046 1625 1184 1659 fratrum
1223 1636 1374 1667 suorum,
1422 1625 1462 1659 de
1500 1636 1640 1670 quorum
1683 1637 1823 1660 numero
1863 1632 1939 1661 tunc

123 1696 259 1720 eramus
288 1690 321 1719 et
349 1686 534 1731 apostolice
563 1697 634 1732 po-

359 1773 366 1780 .
396 1758 484 1780 anno
522 1758 539 1780 a
578 1749 751 1781 nativitate
789 1747 912 1781 domini
940 1749 1044 1781 nostri
1073 1746 1153 1780 Jesu
1184 1746 1307 1780 Christi
1336 1746 1510 1780 millesimo
1550 1750 1786 1781 trecentesimo
1825 1759 1940 1782 nona-

123 1810 255 1852 gesimo
283 1810 425 1841 instante
455 1812 532 1841 tunc
561 1807 673 1841 futuro

362 1895 368 1902 .
408 1867 580 1902 beatorum
617 1868 845 1914 apostolorum
874 1867 962 1901 Petri
1001 1872 1033 1901 et
1061 1867 1151 1901 Pauli
1189 1867 1344 1901 basilicas
1388 1878 1428 1901 ac
1456 1867 1718 1901 Lateranensem
1758 1873 1789 1902 et
1824 1874 1939 1903 sancte
1959 1874 1993 1898 25,

124 1928 232 1963 Marie
260 1928 398 1962 Maioris
428 1928 468 1962 de
498 1928 589 1962 Urbe
618 1929 785 1962 ecclesias

362 2017 368 2023 .
400 1994 526 2031 rentur3
557 1992 599 2023 ita
630 1989 799 2031 videlicet,
838 1993 871 2022 ut
900 1991 1089 2034 quicunque
1118 1988 1223 2022 vellet
1252 1988 1438 2022 huiusmodi
1469 1988 1699 2033 indulgencias
1729 1993 1874 2035 assequi,
1915 1993 1941 2024 si

127 2049 269 2084 Romam
299 2050 338 2084 ad
371 2053 478 2083 minus
507 2053 642 2094 triginta
672 2050 727 2084 vel

285 2137 291 2143 .
324 2137 330 2144 .
363 2138 368 2143 .
400 2110 588 2156 quindecim
617 2109 734 2143 diebus
763 2110 802 2143 ad
833 2110 966 2143 easdem
998 2109 1154 2143 basilicas
1183 2114 1215 2143 et
1243 2110 1407 2143 ecclesias
1436 2109 1601 2143 accedere
1631 2114 1814 2153 teneretur.
1845 2116 1942 2156 prout

127 2174 160 2205 in
190 2172 266 2205 dicti
296 2171 550 2217 predecessoris
1964 2176 1998 2201 30

324 2259 330 2266 .
363 2259 370 2265 .
400 2236 431 2265 et
462 2231 631 2265 inferioris
660 2243 699 2265 ac
729 2231 878 2274 Boemie.
909 2231 1115 2273 Leodiensis,
1145 2229 1306 2264 Metensis
1344 2235 1375 2263 et
1413 2230 1588 2264 nonnullas
1626 2231 1707 2264 alias
1736 2242 1796 2276 pro
1829 2236 1941 2277 partes

128 2293 296 2327 nonnullis
325 2295 448 2326 nostris
479 2297 511 2325 et
540 2292 692 2326 Romane
721 2292 866 2325 ecclesie

364 2381 371 2387 .
410 2353 586 2387 desideriis
625 2352 829 2389 affectamus.
870 2352 1021 2385 volentes
1059 2362 1098 2384 ea
1128 2350 1184 2384 tibi
1214 2351 1416 2389 concedere.
1446 2362 1506 2396 per
1535 2363 1599 2397 que
1628 2353 1722 2386 saluti
1753 2355 1937 2386 animarum

129 2425 350 2460 personarum
380 2415 508 2448 illarum
539 2416 687 2459 parcium

326 2502 332 2509 .
365 2503 370 2508 .
402 2474 555 2508 omnibus
589 2478 622 2507 et
649 2473 790 2518 singulis
819 2476 972 2519 personis
1002 2473 1129 2505 illarum
1160 2475 1307 2517 parcium
1338 2472 1575 2506 ecclesiasticis
1605 2477 1637 2506 et
1666 2473 1874 2507 secularibus
1903 2477 1997 2506 zie-1²⁵

130 2536 224 2569 laicis
253 2535 516 2581 quibuscumque
546 2537 717 2579 utriusque
747 2545 851 2567 sexus

368 2623 375 2630 .
406 2598 511 2629 eciam
541 2598 567 2628 si
598 2594 775 2640 pontificali
808 2593 1020 2639 prefulgeant
1049 2593 1220 2637 dignitate,
1251 2597 1285 2626 ut
1314 2593 1501 2628 consessor.
1532 2604 1628 2638 quem
1655 2596 1725 2639 ipse
1746 2598 1778 2627 et
1799 2594 1943 2639 quelibet

131 2659 278 2702 ipsarum
309 2656 465 2689 duxerint

1800 2720 1839 2744 *T*
