2421 3064
943 230 1024 261 1:380
1809 223 1828 255 *2
1841 222 1847 255 1
1861 224 1881 255 u

74 334 107 362 et
137 331 311 362 intimavit.
352 331 526 372 requirens
567 330 654 372 ipsos·
694 338 752 371 per
782 338 884 372 penas
924 332 956 359 et
989 329 1177 359 sentencias
1209 330 1237 359 iu
1278 327 1395 359 eodem
1427 339 1586 372 processu
1618 339 1810 372 expressas
1853 331 1880 359 ut

74 390 113 422 ad
158 390 400 422 execucionem
445 388 520 420 dicti
565 398 744 432 processus
786 390 983 420 auctoritate
1026 389 1103 431 ipsis
1147 390 1323 419 commissa
1369 388 1589 431 procederent
1633 388 1810 424 ‹tum-enui-
1853 393 1879 419 et

74 453 244 482 monerent
285 452 507 493 occupatores
545 447 737 480 detentores
777 447 936 480 bonorum
977 450 1005 480 iu
1047 449 1125 492 ipsis
1167 447 1381 492 processibus
1420 459 1602 492 expressos
1632 453 1731 492 atque
1767 460 1881 481 eornm

75 509 218 542 heredes
249 511 371 554 pariter
401 513 429 540 et
462 519 679 540 successores
708 509 965 552 specialiterque
994 519 1036 540 ex
1067 510 1199 540 nomine
1233 506 1419 540 Erbardum
1451 509 1491 540 de
1522 508 1688 541 llerolticz
1719 520 1777 553 pro
1809 514 1883 541 tune

76 573 106 603 in
137 572 207 613 ipso
238 569 336 613 opido
358 568 563 601 'l'rebeeensi
587 580 711 601 moram
736 569 924 603 facientem.
954 571 1007 612 qui
1029 572 1167 611 occupat
1192 578 1252 613 pro
1273 579 1330 600 sua
1355 574 1446 612 parte
1469 568 1552 601 bona
1575 574 1601 600 et
1627 569 1722 602 villas
1745 568 1883 613 l’ol<‹›)-

77 632 173 662 ovic‘l,
198 633 230 661 et
247 628 423 662 Rokunicz
447 640 508 661 nec
530 640 593 661 nou
611 628 728 661 silvam
746 629 865 661 dictam
885 628 1067 662 Abc‘liwabl
1086 628 1323 673 supradictam.
1350 629 1531 661 §wantum
1551 630 1703 665 l'oruiam,
1722 634 1885 662 tenorem.

79 689 210 722 modum
240 693 269 721 et
300 692 422 722 seriem
454 700 633 733 processus
663 688 828 722 antedicti.
861 690 923 729 Qui
953 688 1084 733 quidem
1115 688 1237 721 domiui
1265 688 1530 721 sulwxecutores
1553 690 1688 734 predicti
1720 695 1884 734 tamquam

77 750 132 783 lilii
162 748 358 782 obedientes
390 753 525 794 recepto
556 760 716 794 processu
748 754 946 781 reverenter
976 748 1231 793 responderiuit.
1262 749 1347 793 quod
1380 753 1484 794 parati
1507 755 1617 783 essen·¹
1640 753 1760 795 exequi
1784 761 1885 783 man-

77 812 160 844 datis
189 810 278 843 sedis
309 810 504 855 apostolice.
536 814 629 854 prout
662 812 739 854 ipsis
762 809 955 843 mandatur:
984 812 1160 854 statimque
1181 812 1271 842 circa
1295 810 1379 842 illam
1403 810 1518 843 boran!
1540 814 1634 843 simut
1659 814 1884 843 transiverunt

77 870 115 904 ad
146 870 310 914 quandam
341 870 472 903 domum
504 869 638 902 ilenrici
665 873 747 902 civis
770 869 889 902 ibidem
912 872 941 902 111
963 869 1057 903 stuba
1080 870 1196 903 domus
1220 870 1303 903 illius
1325 873 1533 915 reperientes
1555 871 1673 904 ibidem
1699 871 1884 904 lirbardum

78 931 118 964 de
136 930 303 963 Herolticz
324 930 524 963 antedictum
546 934 751 975 presentem.
772 932 967 963 auctoritate
989 934 1021 963 et.
1041 933 1162 974 vigore
1183 931 1258 963 dicti
1276 941 1458 975 processus
1476 934 1579 975 ipsum
1600 931 1783 964 Erbardum
1803 942 1886 976 per-

76 991 240 1025 sonaliter
270 995 345 1023 111111·Ὶ
377 995 586 1028 monuerunt,
618 995 648 1023 ut
682 990 764 1023 iul'ra
786 1002 846 1023 sex
868 991 937 1023 dies
963 1002 979 1023 a
997 994 1185 1024 monicioue
1202 990 1262 1024 sibi
1283 1002 1343 1036 per
1361 994 1449 1036 ipsos
1468 991 1553 1024 l'acta
1571 995 1723 1037 proxime
1740 1003 1887 1036 compu—

79 1051 198 1085 tandos
218 1050 369 1084 debonis
390 1056 421 1083 et
442 1051 528 1084 villis
550 1050 703 1084 videlicet
728 1050 942 1095 l'olzoyvieze
964 1056 992 1083 et
1015 1051 1213 1084 Rokitnicze
1234 1062 1273 1084 ac
1295 1052 1378 1084 silva
1401 1052 1487 1085 dicta
1510 1052 1694 1085 Abemvald
1718 1053 1890 1097 predictis.

81 1123 145 1157 que
175 1110 215 1144 dc
245 1111 332 1144 l'acto
363 1115 449 1144 tenet
481 1116 509 1143 et
541 1116 693 1156 occupat.
733 1112 867 1144 cederet
897 1111 1000 1144 libere
1028 1116 1128 1156 atque
1154 1117 1288 1156 pareret.
1309 1123 1471 1157 processu
1494 1124 1566 1146 cum
1589 1114 1719 1148 ell'ectu.
1751 1116 1833 1145 sicut
1858 1116 1886 1145 iu

82 1172 200 1205 eodem
231 1172 325 1204 latius
356 1172 530 1204 mandatur
560 1171 747 1206 observari.
777 1172 919 1216 alioquin
951 1174 977 1204 si
1006 1183 1071 1205 non
1102 1173 1229 1206 l'aceret
1259 1173 1369 1217 aliquo
1401 1176 1535 1210 iim-vnio
1562 1174 1614 1206 vel
1645 1174 1770 1207 colore.
1801 1173 1886 1218 quod
1930 1178 1943 1198 ‘¹

82 1237 159 1266 tunc
189 1232 249 1265 illis
278 1231 393 1265 diebus
423 1243 485 1264 sex
516 1235 713 1265 municionis
742 1232 864 1277 elapsis
903 1235 1015 1269 sciret.
1054 1244 1090 1266 se
1121 1234 1192 1266 l'ore
1230 1238 1368 1279 propter
1407 1234 1480 1267 talia
1517 1233 1601 1267 bona
1633 1234 1755 1267 domini
1786 1237 1889 1267 nostri

81 1303 167 1338 pape
196 1292 335 1337 predicti
365 1295 546 1325 sentenciis
576 1295 966 1326 excommunicaciomun
997 1297 1029 1326 et
1050 1294 1212 1327 interdicti
1244 1294 1434 1327 innodatum
1467 1298 1601 1327 omnino
1632 1297 1721 1327 acin
1744 1294 1890 1340 pluribus

83 1352 274 1386 dioeesibus
313 1352 355 1385 ob
385 1353 447 1385 boc
479 1352 610 1398 publice
640 1353 853 1386 demmcciari
885 1354 992 1386 taliter
1021 1357 1361 1387 excommunicatum.
1411 1357 1472 1396 Qui
1505 1354 1675 1388 Erliardus
1713 1358 1743 1388 in
1774 1359 1891 1388 conti-

82 1416 173 1447 nenti
213 1413 250 1446 ad
287 1416 367 1446 iram
407 1418 611 1459 provocatus
650 1414 741 1459 plura
773 1413 875 1446 verba
914 1414 1045 1459 protulit
1086 1418 1258 1448 minatoria
1299 1415 1423 1449 l'uriose
1463 1415 1596 1448 ibidem.
1636 1416 1746 1461 Super
1775 1416 1892 1460 quibus

85 1473 238 1507 omnibns
276 1478 308 1507 et
336 1474 477 1518 singulis
506 1474 704 1519 supradictis
736 1480 933 1519 procurator
972 1479 1000 1508 et
1031 1479 1264 1520 procuratorio
1303 1479 1434 1509 nomine
1474 1488 1546 1510 cum
1586 1477 1658 1509 aliis
1692 1476 1891 1509 subexera—

85 1534 212 1568 toribus
241 1537 309 1568 suis
338 1535 515 1568 antedictis
554 1538 668 1580 petivit
709 1546 769 1580 per
798 1546 850 1567 me
879 1538 1043 1568 notarium
1083 1536 1247 1581 publicum
1290 1537 1535 1582 infrascriptum
1575 1548 1674 1570 uumn
1707 1538 1758 1570 vel
1799 1537 1892 1582 plura

85 1595 157 1628 lieri
187 1594 352 1640 publicum
382 1600 435 1628 aut
465 1595 594 1641 publica
626 1599 877 1628 instrumentum
907 1596 962 1629 vel
1000 1599 1229 1629 instrumenta.
1269 1596 1356 1629 Acta
1386 1602 1461 1630 sunt
1482 1597 1544 1630 bec
1564 1609 1664 1632 anno.
1695 1597 1893 1630 indiccione.

86 1656 151 1690 die.
181 1666 308 1697 mense,
347 1655 441 1693 1111111,
478 1656 550 1689 loco
581 1661 610 1689 et
642 1656 830 1700 pontificatu
862 1656 978 1701 quibus
1007 1668 1119 1702 supra,
1150 1656 1363 1701 presentibus
1404 1658 1539 1691 l'amosis
1568 1661 1650 1691 viris
1680 1658 1823 1691 Ebrusio
1854 1658 1893 1690 de

85 1715 252 1749 Lechvicz
290 1719 485 1761 pul-gravio.
525 1718 666 1761 tistogio
710 1717 750 1750 de
788 1716 1009 1753 t‘zucliobrdl,
1050 1717 1235 1751 l'lauczoue
1275 1719 1315 1751 de
1354 1718 1523 1751 Senlzvicz
1562 1723 1593 1750 et
1630 1717 1815 1752 Czenkone
1854 1719 1894 1751 de

84 1776 256 1813 Jeskvicz,
286 1777 460 1810 clientibus
482 1777 557 1810 dieti
588 1780 781 1811 monasterii
812 1778 983 1810 Lucensis.
1014 1778 1247 1811 Olomucensis
1277 1779 1434 1813 diocesis.
1465 1786 1527 1812 nec
1557 1790 1622 1811 non
1651 1778 1799 1824 pluribus
1821 1779 1891 1811 aliis
1912 1781 1939 1804 ·--’

87 1836 226 1871 testibus
256 1836 431 1879 tidedignis
461 1838 499 1871 ad
531 1841 693 1884 premissa
724 1841 909 1871 constitutis
938 1839 1128 1883 specialiter
1158 1842 1288 1872 vocatis
1319 1839 1358 1872 ad
1391 1839 1453 1872 boc
1484 1844 1516 1872 et
1545 1842 1684 1876 roa-atis.

243 1897 283 1931 Et
312 1909 377 1936 ew)
409 1898 533 1931 lliucze
563 1904 657 1932 natus
686 1898 859 1931 Bratrzieii
896 1899 936 1931 de
966 1898 1092 1932 Tassau
1124 1899 1267 1933 clericus
1293 1900 1528 1933 Ulomucensis
1557 1900 1712 1935 diocesis,
1743 1899 1893 1945 publicus

86 1961 285 1991 auctoritate
314 1960 476 2004 imperiali
506 1962 666 1995 notarius.
698 1959 853 2004 predictis
884 1971 943 2004 per
971 1964 1223 2004 procuratorem
1254 1964 1465 1993 constitutum
1492 1971 1672 2005 processus
1693 1960 1893 1993 subevecu-

87 2018 214 2052 toribus
243 2022 501 2064 presentacioni.
531 2019 748 2057 exhibicioni.
779 2020 1010 2065 pulilicacionh
1040 2023 1241 2053 intimacioni
1272 2025 1304 2053 et
1332 2023 1549 2065 requisicioni
1572 2024 1785 2066 ipsorumque
1806 2020 1893 2053 sub—

87 2084 307 2113 executorum
350 2081 389 2113 ad
428 2092 605 2126 personam
638 2080 730 2114 ‘bona
768 2081 914 2126 predicta
954 2085 1172 2125 occupantem
1216 2083 1247 2114 in
1287 2081 1359 2114 loco
1398 2086 1474 2126 apto
1517 2086 1548 2113 et
1586 2084 1780 2114 necessario
1820 2093 1892 2114 cum

88 2140 206 2173 effectu
254 2141 476 2185 personaliter
522 2144 720 2175 monicionis
763 2144 961 2174 execucioni
1009 2146 1040 2173 et
1082 2144 1295 2186 requisicioni
1343 2153 1403 2187 per
1445 2152 1691 2187 personamque
1739 2145 1894 2175 monitam

87 2200 230 2233 diversis
260 2203 356 2233 minis
385 2206 417 2234 et
446 2202 632 2235 terroribus
661 2204 869 2246 imposicioni
901 2201 1026 2234 furiose
1055 2212 1117 2234 nec
1146 2213 1211 2235 non
1241 2201 1395 2235 omnibus
1428 2202 1499 2235 aliis
1539 2207 1569 2234 et
1599 2202 1737 2246 singulis
1767 2214 1893 2247 supra—

89 2263 230 2305 scriptis,
269 2261 344 2294 dum
382 2264 430 2295 sic
468 2262 585 2295 tierent
623 2267 655 2295 et
684 2267 877 2303 agerentur,
916 2273 979 2295 una
1018 2273 1091 2294 cum
1130 2265 1371 2307 prenominatis
1409 2262 1546 2295 testibus
1585 2273 1724 2307 presens
1764 2263 1894 2296 interl'ui

89 2331 196 2365 eaque
225 2325 335 2356 omnia
365 2328 397 2355 et
426 2323 555 2367 singula
586 2326 633 2356 sic
663 2323 732 2357 lieri
764 2323 829 2356 vidi
867 2328 899 2355 et,
928 2323 1061 2355 audivi:
1105 2323 1162 2355 sed
1192 2323 1386 2368 prepeditus
1417 2323 1488 2355 aliis
1519 2326 1669 2360 negociis
1706 2334 1767 2368 per
1796 2300 1912 2356 31111111ι

1908 876 1941 898 111

1914 1480 1947 1502 211

1915 2083 1936 2106 31
1942 2084 1948 2103 i

89 2380 190 2414 scribi
228 2385 409 2427 procuravi
452 2388 551 2428 atque
589 2389 662 2429 post
701 2384 893 2422 dum-enimn
932 2383 1213 2416 auscultacionem
1253 2386 1493 2428 premissorum
1539 2386 1567 2415 in
1609 2383 1693 2416 banc
1730 2383 1894 2428 publicam
1917 2384 1950 2406 ³²²3

86 2441 228 2476 formam
258 2444 375 2488 redegi
405 2447 570 2488 signoque
608 2449 640 2477 et.
669 2447 803 2477 nomine
833 2447 914 2477 meis
944 2444 1060 2476 sollitis
1096 2454 1134 2476 ae
1165 2447 1334 2477 consuetis
1366 2444 1418 2477 liic
1448 2455 1500 2476 me
1530 2446 1727 2488 consignavi
1758 2449 1897 2480 roa-:uus

85 2506 117 2535 et
155 2506 334 2548 requisitus
373 2507 403 2537 iu
444 2504 541 2537 tidem
581 2509 613 2537 et.
651 2508 873 2538 testimonium
912 2507 1057 2537 omnium
1097 2507 1349 2549 premissorum.
1399 2505 1536 2537 constat
1566 2504 1663 2537 michi
1703 2504 1743 2536 de
1773 2508 1898 2538 rasuris

85 2566 242 2609 superius
272 2567 302 2597 in
332 2564 436 2598 tribus
466 2565 551 2598 locis
580 2570 784 2610 apparenter
814 2567 1000 2598 commissis
1030 2575 1096 2597 non
1126 2567 1214 2597 vicio
1243 2564 1300 2597 sed
1332 2567 1505 2609 scriptoris
1535 2576 1664 2597 errore.

404 2641 490 2669 Lffllrs
515 2651 566 2668 rou
591 2643 643 2669 der
669 2642 896 2677 Unlcrserliglmisl
920 2643 971 2667 (las
996 2642 1254 2668 Mutarimtszeiclwu
1280 2644 1327 2668 mi!
1350 2644 1410 2668 clem
1439 2643 1540 2668 Numen
1565 2644 1779 2669 h-i-naaz-vss.

404 2694 491 2729 Origl..
509 2694 589 2729 Pery.
607 2694 663 2727 (23
677 2693 709 2723 ><
726 2695 765 2720 53
784 2702 862 2726 eim).
882 2710 920 2713 γ’·
938 2694 1043 2720 [11111111.
1058 2694 1278 2720 anlesareliir.
1293 2695 1467 2720 Bru-:eksrlae
1484 2696 1651 2729 Snniuduuy.
1670 2695 1728 2721 Art.
1747 2696 1898 2722 lialsetuitz„

1747 2753 1793 2776 2³<

1919 2699 1955 2723 411
