2421 3064
453 226 520 258 13*
1314 228 1394 258 1:376

445 332 596 362 eaiwniei
627 330 747 361 tratres
778 327 926 359 eiusdem
958 326 1096 362 ordinis,
1136 325 1277 371 amiplins
1315 328 1376 358 sint
1414 330 1443 357 et
1485 336 1560 357 esse
1600 323 1742 356 debeant
1772 326 1889 367 viginti
1929 327 2171 356 coimmnerato
2208 325 2256 356 eis

445 395 646 435 praeposito.
685 400 737 432 qui
769 398 884 419 minues
916 386 1016 419 horas
1045 389 1225 419 canonicas
1256 391 1285 418 et
1316 397 1477 419 sumniam
1510 388 1642 417 missam
1674 387 1746 417 sine
1777 386 2026 417 intermissione
2064 386 2196 417 statutis
2225 387 2258 416 et

445 453 613 483 consuens
643 449 682 481 :du
714 449 828 481 ordine
859 446 1064 492 temporibus
1098 458 1157 492 per
1186 450 1316 492 seipsos
1355 451 1384 478 et
1416 449 1446 478 in
1478 448 1632 490 personis
1671 447 1813 490 propriis
1843 448 1989 480 cantent.
2027 455 2092 477 non
2123 444 2256 489 quidem

445 523 505 556 pei·
534 521 749 554 qno-*cunque
779 508 861 540 :ilios
891 508 1034 541 elericos
1064 508 1246 541 seculares.
1292 507 1372 540 ltem
1403 506 1488 550 quod
1521 508 1742 551 praepositus.
1773 508 1826 550 qui
1857 516 1943 538 nunc
1973 510 2023 539 est
2053 505 2173 538 ibidem
2204 508 2259 538 aut

448 583 543 616 quem
576 582 634 615 pro
665 576 813 614 tempore
845 569 915 601 l'ore
945 572 1136 609 contigerit.
1173 567 1232 601 sihi
1263 572 1292 599 et
1323 567 1464 604 singulis·
1493 569 1664 599 canonicis
1693 569 1762 599 suis
1791 566 2014 600 confratribus
2044 570 2197 600 teneatur
2227 569 2260 599 et

400 882 429 903 ltt

400 1485 433 1506 01)

414 2697 447 2720 ,ιιι

448 631 564 664 delicat
605 631 644 662 de
682 629 846 662 consimili
877 632 1012 664 vesum,
1055 628 1319 674 superpelliceis.
1363 630 1477 672 cappis
1517 631 1546 659 et
1579 626 1778 660 victualibus
1821 638 1880 672 per
1918 630 2027 660 onmia
2065 626 2258 672 providere.

448 697 540 737 prout
586 692 625 723 de
663 701 754 722 more
798 694 829 722 et
867 688 1047 722 observata
1091 688 1333 722 consuetudine
1377 691 1407 721 in
1448 688 1652 721 ltudnicensi
1697 690 1900 721 monasterio
1944 688 2093 722 eiusdem
2133 687 2260 721 ordinis

451 753 627 789 l'ragensts
667 751 811 783 diocesis
852 750 1056 796 providetur.
1108 750 1286 783 l‘raeterea
1327 752 1356 782 in
1397 752 1589 794 receptione
1628 760 1788 782 censuum
1825 753 1888 782 tam
1920 752 1950 782 in
1981 751 2131 794 pecuniis
2160 759 2259 793 quam

450 813 547 845 relius
587 814 741 845 caeteris.
783 810 951 844 reddenda
992 813 1120 844 ratione
1159 814 1188 843 et
1219 809 1403 843 statuendis
1443 812 1473 842 in
1513 812 1584 854 ipso
1624 811 1826 842 monasterio
1862 813 1977 842 nostro
2007 808 2261 854 quibuscunque

449 872 646 905 ol‘tieiahhus
677 876 830 905 teneatur
864 874 1074 917 praepositus
1103 882 1235 904 omnem
1268 870 1399 904 modum
1439 875 1469 902 et
1500 869 1774 902 consuettnlinem
1816 872 2007 903 monasterii
2037 869 2261 903 Rudniccnsis

450 934 607 978 pinu-dieti
648 943 710 965 una
750 944 824 966 eum
863 935 931 965 suis
970 935 1140 965 canonicis
1183 933 1353 977 perpetuis
1392 929 1596 975 temporibus
1635 929 1832 964 ohservare.
1881 929 2061 963 Praeterea
2100 931 2262 974 magister

449 994 584 1027 scholae
615 997 644 1026 in
676 993 876 1037 Sternherg„
915 996 968 1038 qui
999 1005 1058 1038 pro
1098 997 1248 1038 tempore
1287 992 1395 1025 l'uerit.
1435 1002 1497 1025 sex
1534 991 1676 1024 elericos
1715 994 1745 1024 in
1775 995 1872 1024 cantu
1910 990 2039 1024 ehorali
2078 994 2262 1036 provectos

452 1060 603 1088 teneatur
632 1053 770 1087 hahere.
801 1057 853 1098 qui
884 1054 1134 1098 superpelliceis
1165 1053 1267 1087 induti
1297 1052 1436 1097 singulis
1467 1051 1582 1085 diebus
1612 1055 1642 1085 in
1664 1063 1786 1085 aurora
1818 1054 1951 1085 missam
1982 1051 2100 1085 heatae
2122 1053 2263 1096 virginis

450 1116 602 1149 salutaris
641 1117 908 1148 annunciationis
947 1115 1135 1147 dominicae
1172 1117 1203 1147 in
1242 1113 1331 1147 dieto
1370 1115 1574 1147 monasterio
1612 1116 1782 1159 perpetuis
1821 1112 2026 1158 temporibus
2063 1116 2264 1146 reverenter

416 1182 430 1204 Γ·
450 1181 580 1210 cantent
611 1180 641 1209 et
671 1174 713 1208 ad
742 1174 932 1208 mandatum
963 1177 1142 1220 praepositi
1173 1179 1203 1208 et
1234 1178 1472 1208 canonicorum
1503 1174 1757 1219 superpelliceis
1786 1176 1893 1207 ornati
1923 1173 2063 1219 singulis
2093 1172 2208 1207 diebus
2232 1175 2263 1206 in

451 1239 653 1271 monasterio
683 1236 862 1269 admissas
893 1235 1059 1269 humiliter
1089 1239 1278 1269 ministrare
1307 1238 1479 1269 canonicis
1509 1239 1540 1268 et
1562 1237 1592 1267 in
1613 1237 1749 1268 summis
1781 1234 2015 1268 festivitatibus
2037 1238 2068 1267 et
2089 1234 2264 1267 dominicis

452 1298 567 1331 diebus
596 1296 734 1330 vexilla.
765 1307 897 1331 cereos.
927 1308 1046 1341 aquam
1077 1301 1107 1329 et
1139 1295 1304 1329 thuribula
1336 1296 1472 1329 deferre
1501 1298 1600 1328 etiam
1633 1300 1808 1328 teneantur
1845 1298 2014 1341 perpetuis
2045 1293 2264 1340 temporibus.

454 1359 490 1392 Et
521 1358 562 1391 oh
592 1357 656 1391 hoe
686 1358 772 1391 idem
804 1360 997 1391 monasterii
1028 1361 1239 1403 praepositus
1269 1360 1431 1401 magistro
1460 1356 1597 1390 scholae
1627 1359 1820 1401 septimanis
1854 1357 1994 1401 singulis
2032 1367 2093 1390 sex
2123 1365 2265 1400 grossos

455 1420 641 1463 l‘ragenses
671 1429 731 1464 pro
761 1418 1003 1452 antedictorum
1034 1418 1236 1452 scholarium
1267 1420 1518 1452 sustentacione
1557 1428 1707 1461 congrua
1745 1421 1897 1450 teneatur
1926 1417 2061 1451 solvere
2100 1420 2132 1449 et
2160 1427 2265 1462 prae-

454 1481 549 1514 dietis
579 1480 711 1513 clericis
750 1479 791 1511 de
820 1479 1074 1525 superpelliceis
1104 1480 1297 1525 providere,
1337 1481 1380 1512 ita
1410 1478 1497 1524 quod
1537 1478 1727 1524 praedictus
1765 1477 1966 1511 scholarium
2004 1488 2162 1511 numerus
2199 1488 2266 1511 ne-

454 1552 617 1586 quaquam
648 1540 785 1574 diminui
815 1539 932 1573 debeat
965 1552 1025 1585 per
1054 1543 1159 1586 ipsum
1190 1542 1418 1586 praepositum
1458 1544 1511 1572 aut
1542 1542 1724 1573 canonicos
1754 1538 1975 1584 supradictos.
2024 1538 2205 1572 Praeterea
2235 1541 2265 1571 in

456 1602 607 1648 hospitali
650 1602 690 1635 ad
732 1600 893 1635 honorem
939 1600 1059 1634 beatae
1098 1604 1241 1646 virginis
1283 1600 1390 1635 felicis
1433 1600 1677 1646 purificacionis
1720 1600 1840 1633 dudum
1883 1611 1943 1645 per
1985 1599 2128 1633 nobilem
2158 1602 2266 1633 virum

455 1663 619 1708 quondam
659 1663 826 1696 dominum
867 1662 1073 1707 Stephanum
1117 1662 1157 1695 de
1197 1661 1386 1706 Sternberg
1423 1664 1613 1706 genitorem
1652 1665 1802 1694 nostrum
1841 1665 1871 1693 et
1914 1660 2058 1694 nobilem
2099 1660 2266 1693 dominam

457 1724 588 1757 Annam
628 1728 767 1757 matrem
806 1728 952 1756 nostram
995 1723 1075 1756 l'oris
1114 1722 1269 1768 oppidum
1309 1722 1499 1766 Sternberg
1536 1721 1673 1755 fundato
1709 1732 1748 1754 ac
1786 1721 1897 1755 dotato
1934 1732 2007 1754 cum
2047 1725 2139 1755 certa
2176 1723 2267 1754 curia

432 1784 618 1828 ›allodiari,
657 1784 849 1818 molendino
889 1789 919 1817 et
958 1784 1132 1817 duodecim
1170 1786 1292 1817 marcis
1330 1786 1429 1816 annui
1467 1794 1588 1816 census
1626 1794 1823 1827 grossorum
1855 1781 2072 1826 Pragensium
2102 1781 2268 1815 Mol-avici

458 1848 646 1890 pagamenti
682 1849 713 1879 in
744 1846 820 1878 villa
851 1845 979 1889 Pgesd.
1019 1844 1105 1890 qnod
1137 1844 1177 1877 de
1206 1844 1342 1890 speciali
1374 1844 1507 1877 licentia
1537 1847 1567 1877 et
1598 1854 1766 1877 consensu
1797 1843 1938 1889 prael'ati
1968 1843 2091 1876 domini
2122 1842 2269 1875 Olomu-

459 1909 567 1939 eensis
606 1909 754 1952 episcopi
792 1909 824 1939 in
862 1906 1017 1951 oppidum
1048 1904 1236 1950 Sternberg
1271 1905 1466 1939 translatum
1507 1905 1580 1938 sore
1613 1904 1823 1949 dignoscitur
1859 1908 1891 1937 et
1920 1903 2027 1937 eidem
2065 1906 2270 1937 monasterio

459 1978 624 2000 annexum
655 1971 716 2007 est,
756 1967 842 2000 idem
873 1969 1082 2012 praepositus
1112 1970 1144 1999 et
1173 1968 1222 1999 sui
1252 1968 1404 1999 canonici
1435 1965 1517 1998 duos
1547 1965 1689 1998 clericos
1719 1964 1914 1998 sacerdotes
1938 1963 2110 1998 seculares
2130 1963 2271 1999 idoneos

460 2026 599 2060 habeant
639 2031 807 2061 continuo.
851 2027 969 2073 quihus
1008 2027 1048 2061 de
1087 2029 1246 2072 expensis
1284 2031 1314 2060 et
1345 2029 1434 2060 vitae
1474 2028 1678 2059 necessariis
1717 2025 1777 2058 suh
1813 2027 2049 2058 convenientia
2089 2024 2270 2070 providere

410 2104 425 2115 υ
463 2088 640 2122 debebunt.
685 2091 738 2133 qni
776 2092 806 2122 in
845 2089 1013 2121 antedicto
1057 2087 1211 2133 hospitali
1249 2091 1280 2121 in
1317 2092 1512 2133 perpetuum
1551 2086 1690 2124 singulis
1729 2085 1846 2119 diebus
1883 2096 1983 2119 unam
2022 2088 2157 2119 missam
2196 2096 2271 2119 cum

463 2152 621 2193 magistro
660 2149 796 2182 scholae
835 2153 867 2182 et
901 2148 1110 2183 scholaribus
1148 2154 1181 2181 et
1209 2159 1373 2194 vesperas
1412 2148 1564 2181 similiter
1602 2148 1781 2181 decantare
1820 2146 1987 2180 debebunt
2026 2157 2065 2180 ac
2103 2149 2201 2179 etiarn
2239 2149 2272 2180 in

463 2212 598 2242 summis
641 2209 876 2243 festivitatibus
918 2212 1108 2243 matutinas.
1156 2209 1252 2242 aliam
1291 2219 1376 2242 vero
1423 2211 1557 2241 missam
1601 2211 1633 2241 in
1675 2208 1802 2253 capella
1845 2210 1946 2241 castri
1991 2206 2272 2251 Sternbergensis

464 2270 601 2313 singulis
632 2270 748 2303 diebus
778 2270 894 2315 legere
925 2270 1137 2303 tenebuntur.
1178 2274 1209 2303 et
1239 2269 1388 2303 infirmos
1418 2268 1583 2314 quoslibet
1622 2274 1685 2302 tam
1722 2272 1753 2302 in
1783 2269 1905 2314 oppido
1935 2267 2136 2312 Sternberg,
2174 2278 2271 2312 quam

464 2333 494 2363 in
533 2330 619 2363 villis
655 2330 695 2363 ad
735 2331 853 2364 dietam
893 2330 1085 2376 parochiam
1125 2330 1352 2376 spectantibus
1391 2334 1422 2364 et
1460 2341 1561 2364 sanos
1590 2330 1741 2364 similiter
1770 2328 2011 2363 Christifideles
2049 2331 2270 2362 sacramentis

411 2394 432 2417 ³²-
465 2390 701 2423 ecclesiasticis
740 2403 945 2436 procui-areg
992 2402 1075 2436 quos
1115 2395 1225 2424 tamen
1263 2390 1485 2437 presbyteros
1524 2393 1735 2436 praepositus
1777 2401 1851 2424 cum
1890 2392 2061 2423 canonicis
2099 2400 2272 2432 amovere,

465 2455 603 2483 mutare.
635 2451 777 2483 alterare
808 2456 961 2497 poterunt
991 2463 1051 2497 pro
1081 2463 1162 2485 snae
1182 2451 1362 2485 voluntatis
1391 2451 1616 2497 heneplacito,
1647 2451 1778 2496 qnando
1808 2455 1840 2484 et
1861 2453 2013 2496 quotiens
2042 2453 2090 2484 eis
2111 2449 2273 2496 expedire

465 2510 642 2544 videbitur.
679 2514 721 2543 ita
743 2516 863 2545 tamen.
894 2517 925 2545 ut
956 2524 1052 2557 quam
1084 2515 1149 2545 cito
1178 2512 1302 2545 fuerint
1330 2515 1442 2554 amoti,
1473 2512 1527 2545 alii
1557 2515 1587 2545 in
1608 2512 1718 2545 locum
1749 2511 1879 2545 illorum
1909 2511 2020 2545 idonei
2049 2513 2156 2544 statim
2187 2509 2273 2544 sub-

464 2576 628 2615 rogentur
665 2583 724 2617 per
762 2576 986 2617 praepositum
1032 2578 1063 2606 et
1099 2576 1281 2607 canonicos
1323 2573 1545 2618 supradictos.
1594 2572 1771 2605 Praeterea
1811 2575 1843 2605 in
1881 2572 1968 2605 festo
2006 2573 2274 2605 annunciationis

465 2632 651 2665 dominicae
681 2644 766 2665 nune
797 2636 947 2677 proxime
986 2636 1118 2667 instanti
1157 2638 1188 2667 et
1218 2636 1250 2666 in
1279 2633 1399 2667 eodem
1428 2633 1582 2667 similiter
1610 2635 1704 2666 annis
1733 2632 1872 2677 singulis
1902 2636 2111 2673 recurrente,
2149 2642 2273 2676 quam-

467 2693 519 2726 diu
550 2695 747 2726 vixerimus.
783 2697 933 2726 canonici
964 2693 1104 2739 praefati
1135 2696 1269 2727 missam
1298 2694 1383 2728 illius
1413 2694 1477 2727 diei
1507 2705 1581 2727 cum
1610 2696 1764 2739 vesperis
1803 2696 1832 2726 in
1864 2695 2066 2726 monasterio
2096 2691 2274 2726 cantabunt
