2421 3064
968 223 1052 254 1:365
1863 220 1911 251 85

109 330 172 364 que
210 329 372 364 vesperas
423 323 455 351 et
502 321 532 351 in
572 319 656 352 festo
693 323 798 353 sancti
834 320 1008 354 Michaelis
1046 320 1084 352 ad
1124 323 1257 353 missam
1296 325 1442 354 tantum:
1490 323 1565 354 item
1605 324 1635 354 in
1674 322 1726 355 die
1764 325 1909 355 omnium

108 383 298 413 sanctorum
329 378 367 411 ad
398 382 555 423 utrasque
584 390 766 425 vesperas:
810 383 886 414 item
916 383 949 414 in
978 380 1030 413 die
1059 383 1164 413 sancti
1195 380 1326 414 Cristini
1357 382 1395 414 ad
1427 386 1584 426 utrasque
1615 392 1797 427 vesperas;
1834 385 1910 415 item

108 442 164 473 in²¹
192 439 305 484 vigilia
334 441 516 472 nativitatis
546 439 692 473 osticium
723 445 833 474 cantet
862 441 1010 486 prelatus
1040 441 1094 474 vel
1123 440 1343 474 canonicus.''

510 516 552 550 Ut
581 517 644 550 duo
674 521 876 563 campanarii
907 518 1084 564 diligenter
1113 520 1298 553 custodiant
1329 520 1521 553 ecclesiam.

262 585 344 619 Item
373 585 544 618 decretum
575 591 626 619 est
647 589 676 620 in
698 588 841 632 capitulo
872 587 1074 633 supradicto.
1105 593 1137 621 ut
1158 588 1222 622 duo
1243 594 1509 634 campanatores.
1540 594 1573 622 ut
1593 601 1675 623 unus
1696 589 1906 635 quotidianus
1943 593 1955 615 .-

109 650 142 680 et
177 646 261 679 alter
290 645 580 680 hebdomadarius.
620 647 774 680 cottidie‘'
813 650 876 680 sint
904 648 987 693 apud
1015 648 1191 681 ecclesiam
1223 653 1255 682 et.
1293 652 1322 682 in
1362 649 1504 682 ccclesia
1534 653 1622 683 omni
1661 654 1758 683 nocte
1794 654 1912 683 custo-

109 706 236 740 dientes
273 717 329 740 res
367 706 510 740 ecclesie
548 709 699 740 iaceant:
747 712 777 740 et
806 712 981 753 postquam
1012 708 1096 742 infra
1135 709 1262 754 pulsum
1295 709 1348 742 vel
1387 714 1459 755 post
1497 710 1624 754 pulsum
1655 708 1912 743 matutinarum‘¹

109 769 227 800 ostium
266 766 432 801 ecclesie⁹
475 767 651 812 aperittir,²
691 772 765 801 tuuc
803 779 886 801 unus
925 779 968 801 ex
1005 771 1053 802 eis
1091 769 1209 802 stando
1247 769 1285 802 ad
1320 772 1439 802 ostium
1478 781 1550 802 cum
1590 773 1656 803 suis
1695 773 1796 803 armis
1836 769 1911 803 illud

110 826 287 871 diligenter
315 827 490 869 custodiat7
520 838 561 861 ne
582 827 663 861 alios
684 839 780 872 quam
811 827 1052 873 prebendarios
1082 829 1136 863 vel
1165 840 1236 871 eos,
1266 833 1319 874 qni
1349 832 1515 863 interesse
1541 835 1704 871 tenentur,
1734 830 1911 863 ecclesiam

110 889 235 921 intrare
263 890 467 932 permittat.g

419 966 563 999 Absclirift
589 976 664 993 suec.
691 966 749 993 ΧΓ.
782 969 818 993 im
842 968 909 994 sod.
942 976 985 994 nr.
1015 967 1071 993 139
1103 968 1156 1001 (ult
1182 968 1214 994 ill.
1245 968 1314 995 ΙἸΙΙ.
1342 968 1372 999 1)
1401 968 1452 1001 sol.
1481 968 1524 994 Μ’
1561 970 1608 994 des
1634 969 1764 995 Brunner
1789 968 1914 994 Laudes-

523 1018 637 1044 (lrrln'vs
668 1019 739 1050 (.>l):
771 1028 846 1045 snei:
874 1018 947 1045 XVI.
979 1021 1006 1045 in
1032 1022 1120 1045 vinem
1147 1019 1212 1053 Hes!
1241 1021 1276 1045 im
1304 1019 1480 1046 lt'remsierer
1501 1020 1652 1053 sitrsterz-h.
1676 1020 1781 1047 Art-hio
1810 1029 1838 1054 μ.
1867 1019 1914 1055 12,

524 1069 599 1095 nehs!
615 1072 695 1095 einer
712 1070 883 1103 Hehmfirift
898 1079 974 1097 saer.
994 1070 1094 1097 Xt'lll.
1113 1070 1217 1096 ehemla
1235 1071 1287 1104 (B)
1309 1071 1395 1104 (nach
1415 1070 1620 1106 itliukeilnnqen
1643 1072 1691 1097 des
1709 1072 1740 1097 H.
1758 1072 1915 1098 „trehit-urs

526 1121 553 1148 F.
578 1122 709 1156 Sizopels).

265 1196 291 1225 a)
316 1196 380 1220 item
403 1195 465 1227 fehlt
492 1196 523 1220 .·l.
549 1197 575 1219 iu
599 1196 661 1226 fehlt
686 1197 713 1221 B.
791 1198 813 1223 b)
842 1200 887 1220 ⁴lm
915 1198 1003 1221 Raude
1029 1206 1055 1220 m
1075 1199 1096 1221 A
1119 1199 1162 1220 mit
1182 1198 1268 1221 rather
1290 1198 1374 1221 Tinea:
1403 1199 1468 1221 Item
1493 1199 1520 1221 in
1545 1199 1630 1222 natali
1650 1207 1683 1223 ss.
1704 1200 1773 1222 Petri
1794 1204 1819 1222 et
1839 1200 1914 1222 Pauli

111 1238 291 1270 apostolorum
318 1239 459 1269 (sc-lucam.-
485 1239 555 1262 iufra
576 1240 619 1263 fol.
634 1240 709 1264 xm.
731 1249 738 1263 :
763 1241 825 1264 item
845 1241 871 1263 iu
884 1241 1039 1264 visitat-ioue
1059 1241 1083 1265 b.
1104 1242 1213 1272 virginis
1232 1241 1315 1265 Marie
1335 1249 1366 1264 ex
1386 1241 1590 1272 consuetudine3
1610 1243 1672 1265 item
1692 1243 1719 1265 iu
1739 1242 1808 1265 festo
1828 1250 1846 1266 s.
1868 1242 1915 1265 Mi-

111 1281 212 1306 chaelis
230 1283 257 1306 in
277 1283 400 1306 secundis
419 1283 536 1314 vesperis
557 1286 581 1306 et
602 1284 684 1306 eciam
705 1284 729 1308 b.
749 1283 877 1307 Jeronimi
899 1287 924 1307 et
943 1285 969 1307 in
990 1285 1105 1307 erastino
1125 1285 1152 1307 in
1172 1285 1251 1307 missa
1277 1287 1394 1315 tautumq
1426 1284 1567 1315 (schum-2.-
1600 1285 1662 1308 item
1689 1286 1715 1308 iu
1741 1285 1783 1308 die
1809 1285 1832 1308 b.
1853 1285 1915 1309 Cor-

112 1325 193 1356 dute).
248 1327 271 1357 c)
297 1326 406 1350 cottidie
430 1326 492 1358 fehlt
519 1327 546 1352 Ιι“,
607 1327 631 1353 di
658 1328 817 1350 matutinum
843 1327 872 1352 R.
927 1326 952 1359 e)
978 1327 1087 1351 ecclesie
1105 1327 1168 1357 [elale
1188 1327 1215 1350 B.
1269 1327 1293 1358 f)
1313 1328 1448 1358 aperiatur
1467 1327 1493 1352 B.
1549 1328 1574 1359 gl)
1595 1329 1749 1359 permittant
1768 1328 1800 1352 A.

185 1533 296 1582 104.
1129 1553 1228 1587 1363
1257 1554 1341 1587 oder
1371 1553 1469 1587 1365
1503 1554 1650 1587 october
1680 1554 1727 1587 25²
1757 1554 1861 1598 prag.

116 1621 159 1654 K.
189 1621 282 1654 Isarl
307 1620 370 1655 IV.
411 1621 592 1666 ilbert1·(iyt
620 1622 721 1655 Pelet·
761 1634 822 1655 von
853 1621 1043 1667 Steruberq
1082 1623 1150 1656 med
1186 1623 1306 1656 dessein
1344 1622 1460 1656 Oheim
1490 1622 1592 1656 Peter·
1631 1636 1693 1656 scm
1725 1623 1937 1657 Plumenau·

549 1683 603 1716 die
632 1682 885 1726 Seleirmrosstei
914 1683 997 1716 iiber
1026 1684 1089 1717 das
1119 1683 1261 1716 Isloster
1292 1682 1476 1717 Geron-itt„

268 1759 353 1808 Nos
391 1772 531 1807 Carolus
573 1775 625 1808 dei
662 1777 769 1819 gratia
807 1774 929 1807 domini
966 1777 1057 1818 regis
1095 1773 1253 1807 Boemiae
1291 1777 1546 1819 primogenitus,
1584 1786 1645 1808 rex
1675 1775 1914 1809 Romanorum.

113 1836 294 1878 imperator
309 1838 342 1867 et
356 1845 490 1880 semper
505 1839 667 1879 augustus
684 1836 778 1877 (sic).
800 1834 1090 1879 Recognoscimns
1107 1839 1138 1867 et
1154 1834 1193 1867 ad
1211 1837 1444 1868 universorum
1461 1838 1664 1880 presentium
1682 1835 1914 1869 etfuturorum

114 1894 268 1927 volumus
296 1897 452 1929 noticiam
482 1899 675 1941 pervenire‚
705 1895 791 1940 quod
814 1894 940 1928 nobiles
966 1895 1089 1928 domini
1118 1894 1263 1928 barones
1283 1894 1457 1928 Moraviae
1486 1898 1589 1929 nostri
1619 1894 1733 1930 fideles
1762 1896 1914 1929 dominus

114 1954 231 1988 Petrus
251 1954 292 1988 de
313 1954 500 2000 Sternberg
521 1960 552 1989 et
574 1955 726 1989 dominus
746 1956 863 1989 Petrus
888 1955 928 1988 de
949 1954 1121 1988 Plumnaw
1140 1959 1275 2000 patruus
1296 1955 1418 1988 domini
1434 1954 1522 1988 Petri
1543 1955 1583 1989 de
1601 1954 1787 2001 Sternberg
1803 1967 1916 1989 coram
1936 1977 1942 1982 -

114 2014 210 2049 nobis
229 2018 397 2049 constituti
417 2015 584 2050 humiliter
600 2028 639 2050 ac
659 2021 783 2050 attente
804 2021 949 2049 nostram
971 2014 1255 2059 magnificenciam
1278 2020 1496 2060 rogaverunt‚
1518 2020 1680 2060 quatenus
1701 2016 1740 2049 de
1756 2015 1917 2061 benigni-

116 2080 182 2109 tate
210 2080 324 2109 nostra
354 2076 448 2110 solita
477 2082 616 2123 propter
644 2080 780 2110 servitia
815 2079 961 2122 ipsorum
998 2075 1106 2109 fidelia
1136 2075 1232 2109 nobis
1261 2075 1407 2109 exhibita
1437 2077 1562 2110 eisdem
1593 2076 1672 2110 dare
1703 2076 1918 2121 dignaremur

116 2139 285 2170 tuitionem
315 2147 416 2182 super
435 2140 674 2171 monasterium
704 2136 977 2170 Zabrdovicense
998 2140 1029 2169 et
1049 2147 1150 2181 super
1179 2138 1289 2169 omnia
1318 2135 1403 2169 bona
1434 2136 1582 2170 eiusdem
1612 2140 1817 2171 monasterii.
1847 2137 1918 2172 Nos

116 2199 217 2241 igitur
244 2196 440 2231 satisfacere
471 2197 623 2232 volentes
661 2200 817 2243 peticioni
855 2200 1000 2242 ipsorum
1031 2195 1284 2230 considerantes
1322 2207 1437 2230 eorum
1477 2200 1615 2231 servitia
1654 2197 1749 2231 nobis
1778 2197 1919 2232 fideliter

117 2256 264 2291 exhibita
285 2260 394 2291 animo
423 2262 539 2292 nostro
568 2257 653 2291 bene
683 2257 867 2292 deliberato
897 2262 928 2290 et
957 2256 998 2290 de
1028 2260 1118 2289 certa
1146 2260 1260 2289 nostra
1289 2259 1427 2290 scientia
1457 2257 1572 2291 damus
1600 2260 1631 2291 in
1661 2261 1783 2291 virtute
1811 2269 1917 2304 prae-

116 2319 257 2351 sentium
279 2321 311 2350 et
332 2318 546 2352 concedimus
567 2318 791 2352 omnimodam
814 2320 984 2351 tuitionem
1006 2321 1037 2349 et
1057 2321 1254 2362 potestatem
1277 2328 1350 2350 cuin
1371 2317 1468 2362 pleno
1498 2320 1568 2351 iure
1589 2323 1622 2351 et
1642 2318 1789 2352 dominio
1819 2330 1919 2365 super

118 2380 249 2423 scriptis
279 2378 420 2412 dominis
450 2378 610 2412 videlicet
638 2378 736 2412 Petro
767 2378 808 2411 de
837 2377 1025 2421 Sternberg
1054 2381 1086 2410 et
1116 2377 1250 2411 domino
1280 2376 1377 2410 Petro
1407 2382 1524 2423 patruo
1553 2381 1656 2424 ipsius
1685 2379 1725 2412 de
1746 2379 1919 2413 Plumnaw

117 2449 181 2471 nec
218 2449 283 2472 non
312 2437 525 2481 haeredibus,
563 2438 815 2473 successoribus
853 2449 891 2471 ac
922 2440 1063 2484 posteris
1092 2437 1232 2483 praefati
1271 2437 1393 2471 domini
1423 2437 1511 2471 Petri
1549 2438 1590 2472 de
1618 2439 1790 2473 Plumnaw
1819 2451 1920 2485 super

119 2498 303 2544 predictum
350 2501 588 2532 monasterium
626 2498 836 2532 Zabrdovicz
888 2503 920 2531 et
961 2497 1046 2531 bona
1089 2498 1237 2531 eiusdem
1280 2501 1471 2532 monasterii
1512 2499 1716 2544 temporibus
1758 2504 1919 2545 perpetue

120 2558 296 2602 duraturis,
334 2559 415 2593 nibil
444 2558 539 2592 nobis
575 2564 607 2592 et
636 2570 792 2592 camerae
821 2563 968 2601 nostrae,
1007 2557 1220 2595 haeredibus.
1258 2558 1511 2592 successoribus
1548 2570 1587 2593 ac
1616 2563 1760 2605 posteris
1796 2563 1919 2594 nostris
1938 2574 1953 2595 ς·

119 2618 370 2664 quibuscunque
412 2619 656 2653 iurisdiccionis
706 2623 737 2653 in
779 2619 865 2653 dicto
908 2621 1110 2652 monasterio
1154 2617 1419 2652 Zabrdovicensi
1459 2624 1687 2653 reservantes.
1736 2619 1917 2666 Cupientes

119 2679 331 2713 nihilominus
370 2679 410 2713 de
440 2679 645 2724 benignitate
674 2684 809 2714 nostrae
839 2678 1106 2724 magnificentiae
1135 2682 1388 2725 praenominato
1423 2683 1627 2714 monasterio
1656 2680 1920 2714 Zahrdovicensi

1936 895 1965 918 lo

1936 1201 1968 1225 15

1937 2272 1971 2295 30
