2421 3064
1023 227 1105 259 1:389
1896 226 1916 258 “2
1923 226 1968 257 55»

223 321 339 371 295.
1392 342 1488 375 13³5}
1521 343 1669 376 October
1702 343 1748 377 10¹
1779 345 1915 379 Maisan.

158 408 305 452 Biseleof
337 408 506 442 Xe'lmlaus
537 422 598 443 ron
633 410 765 443 tunam:-
794 410 957 454 besla'liglt
995 411 1049 444 die
1080 412 1266 455 (ir-ezmlunq
1296 413 1354 445 des
1386 413 1747 455 ⁴lussnsliuerlflosders·
1778 416 1809 447 ἰη
1841 415 1970 448 Fulneh·

773 472 880 505 clarell
910 471 1068 505 Benesclt
1099 484 1160 506 rou
1195 473 1357 506 lsrawar.

307 537 479 586 Nicotaus
522 552 575 586 dei
613 558 642 586 et
682 554 889 598 apostolicae
931 554 1020 587 sedis
1062 557 1170 598 gratia
1216 557 1395 600 episcopus
1435 556 1680 590 Olomucensis.
1721 557 1900 591 Universis
1938 563 1969 591 et

150 611 302 656 singulis.
342 612 380 645 ad
412 623 495 657 quos
530 618 727 658 praesentes
755 617 985 659 pervenerint.
1024 615 1164 648 salutem
1196 617 1225 648 in
1257 626 1309 649 en.
1350 619 1402 660 qui
1434 621 1481 649 est
1513 620 1659 650 omnium
1690 629 1771 651 vcra
1804 619 1904 652 salus.
1935 624 1965 652 et
2004 623 2015 645 Γ

149 674 305 705 noticiam
336 672 463 706 babere
491 673 767 719 subscriptorum.
807 675 894 719 quod
923 675 962 708 ad
993 678 1081 720 pium
1112 675 1316 709 desiderium
1352 681 1382 709 et
1413 677 1568 710 devotam
1601 681 1816 712 attentionem
1849 679 1967 713 nobilis

150 735 214 766 viri
244 732 367 767 domini
387 733 540 767 Benessii
571 734 612 768 de
633 734 775 768 Crawar
796 736 918 769 domini
941 738 972 769 in
994 735 1235 781 Clirumpnaw.
1258 735 1485 770 Romanorum
1509 741 1599 781 regis
1620 750 1776 772 camerae
1802 743 1965 783 magistri,

148 796 246 826 amici
276 797 379 827 nostri
410 794 611 831 charissimi.
641 798 696 840 qui
717 800 930 836 augmentum
961 796 1067 829 cultus
1096 796 1199 829 divini
1231 796 1399 830 desiderat
1429 802 1461 830 et
1481 797 1566 831 diem
1594 804 1767 832 extremae
1789 803 1966 833 messionis

148 852 244 887 honis
273 854 430 899 operibus
460 858 654 900 prevenirffl
685 856 863 889 ecclesiam
893 856 1140 902 parrochialem
1169 859 1201 890 in
1231 860 1368 891 civitate
1398 857 1537 902 Fuluek,
1570 862 1662 892 cuius
1693 862 1742 893 ius
1772 865 1965 905 patronatus

147 913 188 947 ad
218 917 324 960 ipsum
355 915 538 960 spectabat.
569 919 599 949 in
620 918 671 949 ius
701 920 732 949 et
752 919 992 962 proprietatem
1022 920 1214 951 monasterii
1244 921 1481 952 canonicorum
1513 920 1715 963 regularium
1738 921 1778 953 de
1799 932 1963 966 expresso

147 985 313 1008 consensu
335 976 470 1021 capituli
490 979 596 1009 nostri
618 975 863 1012 Olomucensis„
895 976 1033 1010 fratrum
1055 982 1246 1011 nostrornm
1268 978 1555 1016 charissimorunn
1578 980 1745 1013 ordinaria
1768 981 1964 1015 reduximus

147 1038 345 1069 auctoritate
374 1036 435 1070 sub
464 1036 570 1073 titulo,
600 1036 741 1072 honora
781 1040 914 1070 nomine
953 1041 985 1070 et
1014 1041 1180 1071 communi
1210 1038 1377 1072 vocabulo
1416 1043 1521 1073 nostri
1551 1040 1729 1074 salvatoris
1759 1053 1798 1074 ae
1827 1046 1963 1075 sanctae

148 1099 301 1130 trinitatis
340 1101 372 1130 et
400 1097 593 1130 individuae
632 1100 777 1130 unitatis.
826 1097 921 1138 Quod
958 1098 1090 1142 quidem
1130 1103 1369 1133 monasterium
1410 1101 1496 1134 idem
1530 1101 1682 1135 dominus
1712 1101 1894 1135 Benessius
1924 1102 1964 1135 de

145 1156 298 1199 consiti0,
328 1156 569 1190 deliberatione
599 1161 631 1190 et
660 1157 832 1191 voluntate
862 1158 1025 1191 dictorum
1052 1170 1187 1192 suorum
1219 1159 1373 1196 filiorum.
1404 1161 1557 1198 fratrum.
1587 1165 1771 1196 amicorum
1803 1162 1844 1196 de
1872 1173 1962 1196 novo

147 1220 278 1251 creavit
307 1222 339 1251 et
369 1217 521 1251 fundavit
551 1222 583 1251 et
613 1221 721 1251 erexit
752 1218 790 1251 ad
822 1218 952 1252 laudem
983 1219 1133 1253 altissimi
1163 1230 1202 1253 ac
1223 1223 1254 1253 iu
1275 1222 1415 1254 salutem
1447 1226 1479 1255 et
1504 1222 1688 1256 remedium
1720 1226 1852 1256 animae
1881 1234 1961 1256 suae

146 1288 350 1323 suorumque
379 1281 633 1323 progenitorum
663 1283 696 1311 et
723 1289 959 1312 successorum
990 1279 1073 1312 ultra
1104 1279 1243 1317 fructus.
1275 1281 1401 1315 reditus
1431 1287 1463 1316 et
1482 1283 1651 1317 utilitates.
1682 1295 1764 1328 quas
1794 1287 1863 1329 ipsa
1885 1284 1961 1317 olim

145 1339 290 1372 ecclesia
319 1341 352 1372 in
381 1337 513 1372 Fulnek
550 1338 663 1372 habuit
692 1338 732 1371 ab
762 1342 909 1384 antiquo,
948 1342 1010 1372 iam
1040 1351 1101 1385 per
1129 1351 1190 1373 nos
1219 1341 1377 1375 reductas
1403 1345 1433 1376 in
1463 1343 1649 1379 utilitatem.
1688 1345 1899 1378 commodum
1930 1349 1962 1378 et

145 1402 196 1432 ius
225 1399 373 1433 eiusdem
408 1402 615 1442 monasterii„
644 1400 756 1433 villas.
796 1402 1031 1445 possessiones
1070 1404 1102 1433 et
1130 1400 1216 1434 bona
1255 1413 1329 1435 cum
1360 1403 1500 1447 singulis
1540 1407 1607 1437 suis
1645 1408 1863 1450 pertinenciis
1900 1416 1961 1450 pro

144 1460 222 1494 dote
251 1464 283 1493 et
303 1471 452 1504 congrua
482 1463 726 1494 sustentatione
756 1460 893 1493 fratrum
920 1465 953 1494 et
973 1463 1212 1495 canonicorum
1243 1462 1435 1506 (legentium
1465 1468 1603 1497 auctore
1632 1464 1766 1498 domino
1788 1468 1819 1498 in
1840 1465 1959 1498 eodem

145 1520 185 1554 ad
223 1523 330 1555 instar
370 1523 552 1566 praepositi
595 1525 625 1554 et
664 1523 902 1554 canonicorum
941 1521 1147 1565 regularium
1186 1526 1379 1556 monasterii
1422 1526 1453 1557 in
1492 1523 1692 1569 Stermberg
1726 1524 1986 1559 Olomucensis·

145 1581 290 1615 diocesis
319 1592 411 1615 mera
440 1581 640 1615 liberalitate
669 1581 777 1614 eidem
808 1584 1012 1615 monasterio
1043 1581 1143 1618 dedit.
1174 1582 1321 1619 contulit,
1357 1583 1507 1627 donavit,
1550 1585 1684 1618 tradidit
1712 1590 1744 1618 et
1774 1589 1960 1630 assignavit

143 1644 314 1688 perpetuis
355 1641 562 1688 temporibus
601 1641 785 1679 habendas.
824 1641 985 1675 tenendas
1016 1646 1049 1675 et
1077 1642 1309 1687 possidendas7
1349 1646 1434 1677 sicut
1462 1647 1493 1677 in
1523 1644 1627 1678 literis
1663 1645 1865 1680 fundationis
1898 1657 1960 1691 per

144 1705 250 1748 ipsum
281 1713 383 1748 super
411 1702 470 1736 has
499 1702 614 1736 literas
644 1702 797 1736 distincte
835 1706 867 1735 et
896 1702 1004 1735 lucide
1033 1706 1233 1737 continetur.
1273 1703 1421 1745 Quarum
1452 1708 1551 1738 tenor
1578 1709 1729 1751 sequitur
1758 1717 1818 1751 per
1847 1710 1957 1740 onmia

145 1765 176 1796 in
206 1762 270 1796 hec
298 1762 425 1797 verba:
462 1762 626 1796 Benesius
656 1763 697 1795 de
727 1762 869 1796 Crawar
900 1789 906 1796 .
978 1762 1009 1795 ‚¹

297 1822 470 1869 Nobisque
508 1835 583 1857 cum
621 1822 730 1857 debita
770 1822 996 1868 supplicarunt
1034 1823 1228 1867 humilitate,
1272 1829 1435 1869 quatenus
1478 1826 1517 1859 ad
1547 1827 1679 1860 laudem
1722 1831 1754 1860 et
1792 1827 1955 1861 bonorem

142 1887 378 1930 omnipotentis
417 1884 471 1918 dei
509 1887 647 1929 eiusque
686 1887 905 1917 intemeratae
941 1887 1056 1918 matris
1094 1887 1236 1929 virginis
1273 1885 1402 1919 Mariae
1440 1890 1472 1920 et
1509 1890 1655 1920 omnium
1695 1893 1887 1921 sanctorum
1918 1900 1957 1922 ac

141 1948 302 1992 precipue
322 1947 427 1979 nostri
448 1945 627 1979 salvatoris
647 1956 687 1978 ac
707 1947 809 1990 ipsius
831 1949 967 1978 sauctae
989 1947 1143 1978 trinitatis
1165 1950 1196 1979 et
1216 1946 1409 1980 individuae.
1431 1950 1564 1980 unitatis
1585 1948 1704 1981 dietam
1727 1948 1956 1982 fundationem

141 2009 190 2040 sic
226 2017 288 2052 per
321 2009 429 2051 ipsum
464 2005 505 2039 de
542 2011 658 2039 nostro
697 2009 729 2039 et
766 2005 897 2050 capituli
936 2008 1042 2038 nostri
1081 2005 1315 2040 Olomucensis
1354 2018 1520 2041 consensu
1563 2012 1596 2040 et
1624 2008 1796 2042 voluntate
1834 2009 1956 2043 factam

141 2071 269 2111 gratam
300 2071 333 2100 et
360 2070 466 2100 ratam
496 2066 622 2100 habere
650 2066 790 2111 illasque
820 2068 1053 2111 possessiones
1082 2071 1115 2099 et
1143 2066 1229 2100 bona
1259 2070 1319 2112 ipsi
1351 2071 1554 2101 monasterio
1586 2069 1704 2102 collata
1735 2074 1768 2102 et
1788 2073 1818 2103 in
1845 2070 1956 2104 dotem

140 2130 310 2172 assignata
340 2130 374 2161 in
402 2126 488 2161 bona
518 2127 683 2161 reducere
712 2126 880 2160 ecelesiae
915 2137 954 2159 ac
984 2130 1093 2160 omnia
1124 2131 1156 2160 et
1184 2128 1315 2172 singula
1346 2131 1523 2161 autoritate
1553 2129 1721 2162 ordinarIa
1752 2129 1953 2164 confirmare

140 2188 369 2232 dignaremur.
416 2187 487 2221 Nos
515 2190 627 2233 itaque
655 2187 814 2221 Nicolaus
844 2190 1022 2232 episcopus
1051 2187 1238 2222 antedictus
1266 2191 1369 2234 ipsius
1399 2189 1521 2222 domini
1551 2188 1703 2223 Benessii
1741 2190 1954 2236 petitionibus

140 2253 173 2282 et
200 2251 262 2294 piis
292 2248 467 2282 desideriis
497 2253 652 2293 tanquam
682 2251 778 2281 iustis
808 2252 840 2280 et
868 2247 1121 2281 rationabilibus
1150 2254 1347 2291 annuentes,
1377 2250 1496 2283 dictam
1528 2249 1756 2284 fundationem
1786 2255 1820 2284 et
1843 2255 1952 2285 onmia

139 2308 216 2342 inde
245 2313 359 2342 secuta
389 2314 485 2353 grata
514 2313 546 2342 et
565 2313 636 2342 rata
666 2307 829 2342 habentes
850 2318 1034 2352 omnesque
1054 2308 1163 2351 villas,
1193 2313 1439 2354 possessiones„
1469 2309 1568 2351 bona,
1598 2310 1738 2353 reditus⁷
1768 2316 1952 2357 proventus

139 2373 171 2402 et
199 2368 356 2402 utilitates
394 2369 481 2403 dicto
520 2371 726 2403 monasterio
765 2368 916 2404 donatas„
954 2367 1091 2401 collatas
1129 2373 1161 2401 et
1194 2380 1254 2414 pro
1293 2369 1369 2403 dote
1407 2373 1597 2414 assignatas
1636 2374 1667 2404 in
1698 2374 1748 2404 ius
1785 2371 1950 2406 bonorum

139 2429 445 2463 ecclesiasticorum
484 2429 675 2463 reducimus
708 2432 838 2475 ipsique
876 2431 1079 2461 monasterio
1108 2431 1251 2472 unimus,
1290 2432 1511 2473 annectimus,
1550 2433 1805 2476 incorporamus
1835 2436 1868 2465 et
1895 2435 1952 2465 in·-

139 2492 360 2532 visceramus‚
381 2490 536 2524 volentes
565 2491 652 2535 quod
682 2493 752 2535 ipsa
782 2489 881 2527 bonai
912 2489 1011 2523 villae
1040 2493 1073 2522 et
1101 2493 1335 2535 possessiones
1363 2501 1425 2536 per
1453 2491 1593 2536 amplius
1613 2490 1699 2525 bona
1721 2492 1950 2526 ecclesiastica

138 2555 340 2584 censeantur
376 2562 415 2584 ac
452 2551 620 2595 gaudeant
656 2550 821 2593 libertate,
861 2552 1040 2583 emunitate
1078 2554 1111 2583 et
1148 2550 1326 2595 privilegio
1365 2550 1616 2584 ecclesiasticae
1652 2551 1814 2586 libertatis
1852 2553 1950 2596 adeoff

138 2610 225 2656 quod
263 2621 324 2656 per
351 2621 529 2644 censuram
566 2611 830 2645 ecclesiasticam
868 2613 959 2654 exigi
989 2611 1123 2643 valeant
1165 2615 1197 2643 et
1235 2610 1403 2644 defensari
1447 2622 1485 2644 ac
1523 2614 1633 2645 omnia
1676 2617 1709 2645 et
1748 2614 1878 2658 singula
1917 2617 1948 2647 in

294 2706 312 2734 ¹)
339 2705 390 2737 Vql.
411 2705 471 2728 Cod.
485 2704 548 2737 dipl.
562 2705 661 2729 Morem.
679 2704 720 2733 ΧΙ,
739 2713 766 2736 p.
782 2705 839 2731 4184,
859 2713 898 2728 nr.
913 2704 971 2727 570.

1793 2758 1843 2782 33ᾗ

1985 926 2018 949 ῙΟ

1984 1227 2016 1252 15

1973 2134 2007 2158 30

1972 2436 2006 2461 35
