2421 3064
972 238 1053 269 1:367
1868 230 1913 261 95

107 336 242 370 Boemie
272 340 303 368 et
325 335 573 368 marchionibus
595 335 747 369 Moravie
777 346 952 372 concessa.
983 338 1127 380 ipsorum
1159 346 1275 378 regum
1298 339 1326 366 ct
1351 334 1580 367 marchionum
1611 333 1754 377 sigillata
1785 333 1914 377 sigillis.

109 401 258 442 petentes
289 398 449 429 instanter
491 397 631 440 quedam
663 408 704 429 ex
736 399 814 441 ipsis
846 397 1029 442 privilegiis
1060 406 1118 440 per
1148 406 1199 427 mc
1230 397 1392 427 notarium
1423 394 1645 439 subscriptum
1676 393 1716 426 de
1738 393 1844 426 verbo
1874 393 1912 425 ad

107 456 245 491 verbum
286 458 462 490 transsumi
501 461 531 489 et
563 459 591 489 in
633 456 772 490 formam
814 456 979 502 publicam
1018 456 1124 500 redigi
1164 460 1196 488 et
1232 455 1271 487 de
1310 454 1503 499 quibusdam
1544 457 1691 500 ipsorum
1730 454 1916 499 privilegiis

108 521 219 551 certos
248 517 405 550 articulos
435 516 580 552 extrahi.
615 520 667 561 qni
700 520 778 563 ipsis
809 517 903 550 utiles
934 515 1145 549 videbuntur.
1177 515 1386 560 Suplicantcs
1417 514 1545 559 prefato
1576 517 1716 560 principi
1756 525 1829 547 cum
1861 517 1916 547 in-

107 580 234 610 stancia
273 576 432 613 studiosa.
471 582 634 621 quatenus
674 581 743 622 ipse
782 577 859 611 mihi
896 579 1026 610 notario
1056 576 1158 609 veluti
1195 586 1310 609 eorum
1350 580 1381 608 et
1419 580 1508 608 terre
1537 574 1690 608 Moravie
1729 575 1916 608 ordinarius
1954 579 1964 601 -”

105 637 305 682 dignaretur
333 637 504 675 mandare,
535 642 567 670 ut
593 641 754 683 premissa
786 638 975 684 privilegia⁷
1006 648 1069 681 que
1098 641 1207 669 tamen
1239 639 1317 680 ipsis
1347 635 1475 669 civibus
1505 634 1718 677 videbuntur,
1749 635 1790 668 dc
1812 634 1917 669 verbo

107 698 147 732 ad
177 697 317 731 verbum
348 702 608 731 transsumerem
647 703 678 731 et
708 702 738 731 in
769 699 908 732 formam
940 697 1104 743 publicam
1144 696 1333 741 redigerem
1374 700 1404 728 et
1435 700 1546 729 certos
1574 696 1732 729 articulos
1769 696 1809 729 de
1840 698 1918 740 ipsis

108 759 294 805 privilegiis
324 758 539 792 extraherem
571 764 602 791 et
633 762 661 792 in
693 758 832 792 formam
863 758 1027 804 publicam
1058 758 1210 791 similiter
1239 757 1441 801 redigerem.
1473 759 1525 801 qui
1557 759 1635 801 ipsis
1665 756 1794 790 civibus
1815 756 1917 789 vide-

108 819 241 856 buntur„
278 823 309 852 et
347 818 433 863 quod
474 822 544 864 ipsc
582 819 734 853 dominus
771 819 921 853 marchio
959 819 998 852 ad
1029 822 1287 863 transsumptum
1328 816 1514 850 huiusmodi
1553 828 1645 850 suam
1685 820 1915 850 auctoritatem

110 883 326 925 interponere
356 884 388 912 et.
408 879 592 915 decretum.
619 880 774 924 quodque
796 891 936 925 presens
966 883 1223 924 transsumptum
1254 890 1314 911 suo
1344 878 1540 922 dignaretur
1569 877 1717 922 sigillare
1747 877 1855 921 sigillo
1876 877 1915 910 ad

110 939 187 982 hoc‚
225 944 259 973 ut
288 950 427 985 presens
462 944 720 985 transsumptum
760 944 789 973 in
821 941 949 973 iudiciis
987 945 1018 973 et
1048 944 1142 973 extra
1183 950 1295 985 parem
1327 941 1393 971 vim
1432 949 1505 971 cum
1547 938 1662 971 litteris
1701 936 1919 982 originalibus

110 999 286 1033 obtineret.
318 999 479 1033 Dominus
510 1005 625 1033 noster
656 1001 804 1034 marchio
836 1001 983 1046 prefatus
1013 1004 1121 1033 omnia
1152 999 1327 1045 privilegia
1358 1001 1504 1044 ipsorum
1536 998 1575 1031 ad
1608 1009 1724 1031 manus
1754 1000 1920 1043 recipiens

111 1071 150 1093 ea
189 1065 220 1093 et
250 1060 356 1104 sigilla
395 1063 541 1106 ipsorum
582 1072 654 1093 cum
694 1072 821 1094 summa
861 1062 1036 1106 diligencia
1074 1072 1136 1094 una
1176 1071 1304 1093 mecum
1344 1061 1519 1104 conspexit
1556 1063 1587 1091 et
1627 1069 1725 1091 unum
1764 1058 1804 1091 de
1843 1060 1921 1103 ipsis

111 1121 309 1167 privilegiis,
348 1123 441 1154 cuius
480 1125 575 1154 tenor
610 1125 797 1155 continetur
836 1122 986 1155 inferius.
1026 1132 1083 1166 per
1111 1123 1276 1154 notarium
1315 1121 1459 1153 civitatis
1498 1121 1599 1163 ipsius
1638 1129 1750 1151 coram
1790 1129 1826 1151 se
1855 1118 1920 1163 legi

111 1181 191 1215 fecit
220 1186 253 1215 et
282 1182 322 1215 de
352 1181 458 1215 verbo
488 1182 527 1214 ad
559 1182 698 1215 verbum
730 1182 796 1227 legi
825 1183 960 1216 audivit.
992 1181 1186 1225 Vidensque
1216 1183 1287 1225 ipse
1317 1182 1472 1225 princeps
1503 1179 1588 1212 dicta
1620 1180 1796 1224 privilegia
1827 1190 1919 1214 sana.

114 1246 245 1287 integra
275 1247 306 1275 et
335 1242 427 1276 salva
467 1246 613 1277 omnino.
654 1243 822 1276 mandavit
859 1243 935 1276 mihi
972 1245 1115 1283 notario,
1149 1246 1181 1274 ut
1219 1241 1285 1274 illa.
1325 1252 1388 1285 que
1423 1242 1501 1285 ipsis
1531 1239 1728 1273 viderentur
1756 1239 1922 1272 civibus³¹.

113 1308 374 1337 transsumerem
405 1307 436 1336 et
466 1307 577 1336 certos
606 1304 763 1336 articulos
800 1304 838 1337 ad
870 1303 1053 1336 eorundem
1093 1305 1214 1335 civium
1246 1300 1486 1346 beneplacitum
1526 1300 1565 1333 de
1596 1302 1674 1345 ipsis
1704 1299 1921 1333 extraherem

116 1369 148 1398 et
185 1367 217 1397 in
247 1363 389 1397 formam
428 1364 631 1408 redigerem„
675 1368 706 1396 ut
746 1363 925 1409 prefertur.
969 1363 1007 1396 ad
1047 1374 1085 1396 ea
1116 1365 1250 1395 omnino
1287 1372 1379 1395 suam
1420 1364 1637 1406 interponens
1676 1363 1921 1395 auctoritatem.

113 1430 267 1470 quantum
298 1427 329 1457 in
351 1434 391 1457 eo
412 1423 520 1457 fuerat
550 1429 581 1457 et.
602 1424 785 1457 decretum.
817 1424 907 1457 Inter
936 1435 999 1469 que
1028 1423 1205 1469 privilegia
1235 1425 1294 1467 ipsi
1324 1424 1418 1455 cives
1448 1421 1547 1454 michi
1577 1424 1707 1455 notario
1736 1420 1922 1454 obtulerunt

113 1485 278 1531 quoddam
318 1485 530 1530 privilegium
570 1484 660 1517 clare
699 1488 861 1518 memorie
900 1484 1022 1517 domini
1051 1483 1213 1516 Johannis
1252 1482 1416 1527 quondam
1455 1484 1546 1526 regis
1583 1481 1733 1515 Boemie.
1772 1486 1923 1526 petentes

116 1546 195 1580 illud
225 1546 265 1580 de
285 1545 391 1580 verbo
420 1545 461 1579 ad
482 1544 623 1579 verbum
655 1549 831 1579 transsumi
862 1549 945 1578 etin
976 1545 1116 1578 formam
1147 1543 1265 1587 redigi.
1296 1547 1330 1576 ut
1359 1542 1537 1588 prefertur.
1569 1541 1647 1575 Erat
1678 1546 1787 1575 autem
1818 1545 1922 1587 ipsum

117 1607 328 1653 privilegium
366 1608 398 1639 in
429 1617 636 1652 pergameno
675 1609 912 1651 conscriptum.
951 1605 1059 1649 sigillo
1098 1604 1239 1638 rotundo
1279 1604 1318 1636 de
1347 1614 1425 1636 cera
1465 1602 1537 1636 alba
1576 1605 1607 1635 in
1637 1601 1697 1635 filis
1735 1602 1863 1646 glaucis
1894 1606 1923 1635 et

116 1667 229 1701 rubeis
257 1667 415 1713 pendenti
444 1666 635 1711 sigillatum.
675 1669 704 1700 in
735 1670 829 1699 cuius
867 1666 964 1710 sigilli
1004 1665 1112 1698 medio
1151 1664 1191 1698 ab
1221 1675 1283 1698 una
1314 1669 1409 1710 parte
1448 1668 1517 1697 erat
1548 1674 1672 1709 ymago
1713 1662 1855 1696 hominis
1885 1663 1923 1695 ad

117 1728 249 1762 modum
279 1731 370 1772 regis
407 1730 557 1761 coronati
593 1738 695 1773 super
733 1732 828 1760 trono
867 1727 1025 1760 sedentis.
1064 1728 1095 1758 in
1126 1736 1222 1758 manu
1262 1725 1379 1758 dextra
1419 1726 1513 1769 quasi
1543 1726 1687 1768 virgam.
1724 1725 1755 1756 in
1793 1725 1924 1756 sinistra

116 1793 225 1822 autem
257 1791 349 1833 quasi
379 1792 546 1834 sceptrum
577 1791 731 1823 tenentis.
771 1787 811 1821 ad
841 1790 933 1820 cuius
965 1788 1105 1820 hominis
1135 1797 1233 1819 unum
1264 1785 1347 1819 latus
1384 1789 1456 1818 erat
1486 1784 1623 1829 clipeus.
1663 1786 1692 1816 in
1724 1794 1788 1828 quo
1818 1783 1924 1828 aliqua

117 1848 310 1894 apparebat,
346 1848 386 1882 ad
416 1848 501 1882 aliud
531 1848 615 1881 latus
645 1853 714 1881 erat
754 1849 879 1893 clipeus
910 1848 1071 1881 similiter.
1111 1850 1142 1880 in
1172 1857 1236 1891 quo
1266 1846 1318 1879 leo
1348 1856 1420 1879 cum
1452 1845 1556 1878 cauda
1586 1844 1749 1877 bifurcata
1779 1844 1924 1889 sculptus

119 1913 201 1943 erat.
232 1908 355 1942 Littere
374 1920 459 1943 vero
489 1912 590 1954 ipsius
612 1908 710 1953 sigilli
731 1907 1061 1942 circumferenciales
1090 1906 1130 1940 ab
1152 1907 1203 1940 illa
1226 1910 1319 1952 parte
1340 1906 1449 1939 taliter
1478 1904 1696 1949 legebantur:
1731 1903 1924 1946 „Johannes

119 1969 173 2003 dei
200 1972 316 2013 gracia
346 1969 483 2002 Boemie
513 1974 545 2002 et
574 1969 710 2003 Polonie
740 1980 801 2002 rex
831 1980 869 2001 ac
900 1967 1203 2012 Lucemburgensis
1233 1966 1394 2000 comes“:
1425 1965 1465 1999 ab
1495 1965 1556 1999 alia
1587 1976 1671 1998 vero
1702 1969 1795 2009 parte
1825 1968 1925 2010 ipsius

119 2030 219 2075 sigilli
248 2029 428 2076 apparebat
458 2041 582 2076 ymago
621 2033 738 2063 armati
769 2029 910 2062 hominis
940 2040 1040 2074 super
1078 2039 1163 2072 equo
1202 2027 1352 2061 fallerato
1391 2026 1538 2060 sedentis
1575 2030 1605 2059 et
1644 2025 1788 2070 galeam.
1827 2036 1926 2071 supra

119 2101 216 2136 quam
247 2091 297 2124 ala
327 2090 519 2137 apparebat,
550 2094 583 2124 in
613 2094 722 2135 capite
751 2090 916 2124 habentis.
955 2089 994 2121 ad
1025 2091 1118 2122 cuius
1147 2089 1230 2121 latus
1260 2088 1397 2133 clipeus.
1428 2090 1458 2120 in
1489 2097 1553 2131 quo
1584 2089 1677 2131 quasi
1707 2086 1814 2130 aquila
1845 2090 1926 2119 erat.

119 2155 151 2184 et
179 2153 212 2184 in
242 2162 340 2184 manu
373 2154 444 2197 ipsa
473 2163 598 2197 ymago
637 2154 730 2196 quasi
760 2151 910 2184 lanceam
950 2149 1103 2183 tenebat:
1151 2149 1260 2182 littere
1289 2159 1373 2181 vero
1412 2150 1514 2193 ipsius
1544 2146 1643 2191 sigilli
1682 2146 1722 2179 ab
1752 2147 1804 2179 illa
1835 2150 1927 2191 parte

124 2216 219 2244 erant
256 2222 317 2257 per
353 2215 463 2246 onmia
502 2216 599 2257 prout
627 2223 738 2256 supra.
788 2210 888 2245 Cuius
926 2210 1092 2255 privilegii
1130 2212 1202 2243 sive
1232 2209 1342 2242 littere
1379 2213 1475 2241 tenor
1505 2207 1687 2240 dinosciuir
1727 2218 1802 2240 esse
1836 2207 1927 2240 talis:

277 2271 347 2306 Nos
385 2273 557 2306 Johannes
596 2273 647 2306 dei
684 2275 799 2317 gracia
838 2271 975 2304 Boemie
1014 2275 1043 2303 et
1083 2270 1218 2303 Polonie
1260 2280 1334 2302 rex.
1377 2270 1465 2301 sacri
1509 2270 1638 2312 imperii
1679 2270 1758 2300 citra
1801 2271 1931 2301 montes

121 2335 269 2367 vicarius
316 2334 485 2378 generalis
523 2344 562 2367 ac
604 2332 910 2377 Lucemburgensis
957 2342 1082 2364 comes.
1130 2329 1395 2363 Notumfacimus
1434 2330 1645 2373 presencium
1686 2326 1929 2372 inspectoribus

120 2396 297 2433 universis,
327 2393 414 2438 quod
443 2393 645 2427 accedentes
684 2393 723 2426 ad
753 2395 963 2438 presenciam
994 2396 1141 2424 nostram
1172 2389 1286 2423 fideles
1315 2392 1420 2423 nostri
1451 2388 1561 2421 dilecti
1591 2390 1685 2420 cives
1716 2387 1929 2420 Brnnnenses

120 2453 311 2488 obtulerunt
348 2453 444 2488 nohis
481 2454 607 2487 litteras
646 2453 753 2486 felicis
793 2455 953 2486 memorie
992 2451 1245 2497 predecessoris
1287 2452 1393 2483 nostri
1431 2449 1554 2482 domini
1593 2447 1727 2481 Rudolfi
1765 2447 1929 2492 quondam

121 2517 212 2558 regis
232 2513 370 2548 Boemie
399 2518 432 2547 et
451 2514 712 2559 suplicaverunti
743 2517 775 2545 ut
797 2512 996 2546 confirmare
1026 2512 1242 2555 dignaremur
1272 2510 1418 2544 easdam.
1451 2508 1597 2550 Quarum
1620 2513 1717 2542 tenor
1747 2508 1928 2541 dinoscitur

121 2585 197 2608 esse
227 2575 321 2608 talis:
351 2574 420 2608 Nos
451 2574 613 2607 Rudolfus
645 2601 650 2606 .
686 2601 691 2607 .
722 2573 751 2606 .¹

277 2640 302 2657 ιιι
324 2634 410 2662 oriq.:
430 2633 562 2657 civitibus.

280 2704 298 2734 ¹)
321 2701 446 2726 Gedrmffft
469 2702 528 2726 Cod.
548 2701 610 2733 dipl.
631 2701 728 2726 Moram,
756 2701 795 2727 ΓΙ,
814 2711 839 2733 1¹-
859 2703 884 2726 3.
904 2710 943 2725 nr.
964 2700 1012 2724 ΙΙΙ.

1940 882 1970 906 10

1944 1483 1976 1509 it)

1947 2092 1982 2117 30

1950 2393 1984 2417 :35

1952 2694 1985 2718 40
