2421 3064
931 217 1144 249 1342w1345
1892 216 1935 249 41

549 316 653 341 Archiv
686 318 713 341 in
747 316 854 342 Aussee
885 315 1029 349 (Malu-en)
1060 315 1240 350 erlit'yentlen
1273 316 1458 349 Prisileysieu-
1492 317 1548 341 um!
1572 318 1857 350 ('niisirnmliondonli
1892 322 1936 344 dri

550 367 718 400 llerrsrhafl
742 368 856 401 Auswe,
878 368 930 400 sol.
956 367 1006 394 39.

208 459 1528 513 50.1.342
1561 480 1636 515 Mae·
1664 480 1707 514 11
1744 482 1885 516 (llmeitz.

138 548 272 593 Philipp
304 559 366 581 con
397 547 547 581 [sira-ein
578 549 712 592 quilli'rt
745 549 807 581 den
838 548 997 582 Brudern
1029 548 1190 581 Andreas
1220 549 1288 582 med
1316 548 1497 583 Sobeleerd
1535 562 1596 583 con
1631 551 1848 584 wenstan-it:-
1877 553 1938 585 ileu

655 608 846 653 Ii'aufpreis
872 610 931 653 fiir·
968 607 1178 642 Wranowitz.
1209 609 1277 642 med
1305 608 1428 642 [λιθία.

290 667 378 727 Ego
408 680 574 727 Philippus
604 682 644 716 de
665 682 834 729 Cliirbeyn
857 687 919 716 tam
942 682 1151 728 presentibus
1172 694 1268 728 quam
1292 683 1410 717 futuris
1440 695 1650 728 recognosco
1672 696 1731 730 per
1751 691 1940 731 presentem

135 746 258 777 seriem
290 742 420 788 publice
440 743 669 788 protestando.
700 744 785 788 quod
808 743 1027 776 hereditatem
1059 754 1165 776 meam
1196 746 1226 777 in
1247 743 1456 777 VVranovicz
1486 749 1517 777 ct
1538 744 1674 780 Leliota.
1696 757 1792 790 quam
1815 746 1940 781 nobili-

135 803 197 838 bus
225 806 308 838 viris
347 803 488 837 dominis
518 803 655 836 Andree
685 808 716 837 et
746 803 982 837 Sobicliirdoni
1020 803 1176 837 fratribus
1215 803 1255 837 de
1286 803 1499 838 Othaslavicz
1539 808 1599 838 rite
1629 817 1667 838 ac
1698 807 1942 841 racionabiliter

136 863 285 907 vendidi,
315 863 391 897 dicti
421 862 543 897 fratres
574 863 730 897 videlicet
759 864 915 898 Andreas
945 869 975 897 et
1006 863 1220 910 Sobyehirdo
1251 876 1382 898 omnem
1413 869 1599 911 pecuniann
1639 878 1735 911 quam
1766 878 1825 912 pro
1855 868 1939 902 dicta

136 924 336 959 tenebantur
357 924 541 958 hereditate
562 929 593 957 et
614 928 723 958 omnia
746 925 807 958 alia
830 928 899 958 iura
920 924 960 958 ad
979 936 1042 970 que
1060 924 1303 969 obligabantur7
1321 925 1420 959 michi
1437 926 1658 971 expleverunt
1679 928 1888 971 integraliter
1908 933 1939 961 et

138 985 387 1032 persolverunt,
407 987 450 1018 ita
472 985 559 1029 quod
588 985 737 1030 predicta
758 985 943 1019 hereditate
968 985 1068 1019 michi
1094 985 1304 1030 aliquomodo
1326 986 1364 1019 ad
1386 985 1542 1019 nichilum
1565 986 1775 1021 tenebuntur.
1808 988 1856 1021 De
1877 1000 1939 1033 qua

138 1045 270 1091 quidem
300 1045 399 1091 plena
428 1045 599 1079 solucione
629 1050 661 1078 et
681 1048 812 1090 integra
843 1045 939 1079 dictis
968 1045 1124 1079 fratribus
1153 1048 1343 1090 graciarum
1374 1049 1532 1080 acciones
1558 1046 1670 1080 refero
1700 1051 1941 1093 perinmensas.

137 1106 174 1141 In
203 1109 296 1140 cuius
325 1108 373 1139 rei
402 1105 543 1139 evidens
574 1109 796 1139 testimouium
827 1106 955 1140 nobiles
984 1109 1077 1140 viros
1106 1107 1258 1140 dominos
1279 1107 1436 1140 videlicet
1466 1107 1633 1141 dominum
1664 1108 1881 1154 Sbynkonem
1903 1110 1943 1142 de

139 1166 285 1209 Stralek,
314 1164 424 1200 Adam
455 1165 496 1199 de
517 1165 678 1201 ChonicZ.
709 1166 885 1200 Albertum
914 1167 954 1200 de
975 1166 1138 1212 Bystricz⁷
1170 1166 1387 1200 Raczkonem
1416 1168 1457 1201 de
1486 1167 1684 1214 Czelczycz,
1713 1169 1881 1203 Podobam
1911 1175 1941 1203 et

137 1226 396 1273 Martynkonem
426 1226 549 1260 fratres
578 1226 618 1260 de
638 1226 887 1270 Drahanovicz,
917 1226 1117 1261 Hawlonem
1147 1227 1187 1260 de
1208 1227 1421 1262 Tirmaczaw
1441 1232 1473 1262 et
1493 1227 1675 1263 Cadoldum
1705 1229 1744 1263 de
1765 1229 1943 1263 Paulovicz
1982 1239 1996 1258 '›

139 1287 179 1321 de
218 1287 281 1321 hac
318 1288 492 1321 solucione
529 1287 627 1321 michi
663 1287 749 1321 facta
788 1290 890 1334 petivi
929 1287 1000 1322 sieri
1037 1292 1150 1329 testes,
1191 1292 1221 1321 et
1259 1288 1368 1333 sigillo
1407 1300 1481 1322 meo
1520 1300 1559 1323 ac
1589 1289 1750 1323 dictorum
1787 1290 1943 1328 nobilium

138 1348 255 1394 sigillis
284 1353 458 1394 presentes
486 1350 567 1394 ipsis
606 1347 680 1382 dedi
718 1351 934 1394 appensionis
973 1351 1153 1381 munimine
1182 1348 1367 1382 roboratas.
1417 1349 1538 1382 Actum
1569 1354 1600 1383 et
1629 1349 1739 1383 datum
1770 1350 1942 1384 Olomucz.

139 1420 226 1443 anno
256 1408 379 1443 domini
408 1408 584 1443 millesimo
615 1412 850 1443 trecentesimo
880 1409 1138 1454 quadragesimo
1168 1409 1328 1451 secundo,
1364 1408 1502 1443 sabbato
1532 1413 1685 1455 proximo
1722 1416 1795 1456 post
1825 1411 1943 1445 festum

139 1472 246 1504 sancti
275 1469 470 1516 Stanyslay.

450 1539 537 1574 Oriy„
563 1539 651 1574 Pery„
684 1549 734 1565 1:011
760 1540 812 1565 [len
840 1540 1036 1575 ursprunqlich
1062 1548 1134 1565 neun
1168 1548 1204 1565 an
1231 1538 1357 1565 Presseln
1389 1540 1582 1574 unglelmnylen
1608 1540 1716 1575 Sieyelu
1746 1541 1816 1574 fehlt
1840 1542 1891 1567 dus
1917 1542 1943 1568 5.

556 1592 613 1617 und
637 1591 685 1623 S.;
734 1591 764 1624 l)
788 1592 977 1618 PILIPPVS.
995 1592 1031 1618 D.
1051 1591 1240 1623 KYRBVIN,
1266 1592 1311 1617 ein
1335 1600 1378 1616 (rm
1406 1589 1499 1617 Bunrli
1524 1591 1668 1627 lieyendei'
1690 1592 1792 1627 ¹⁷09?st
1839 1594 1871 1626 2)
1896 1614 1902 1620 .
1918 1615 1923 1620 .
1940 1615 1945 1620 .

554 1644 634 1669 BYN
650 1664 655 1670 .
671 1664 677 1670 .
691 1664 697 1669 .
713 1643 828 1670 ALEK.
854 1639 1049 1669 niman-‘scm
1073 1642 1236 1676 Odi-imus,-
1283 1642 1316 1676 3)
1339 1652 1362 1670 s,
1380 1651 1424 1670 nr.
1446 1643 1494 1669 44‘.
1522 1643 1580 1677 12;
1626 1644 1660 1676 4)
1684 1647 1702 1677 †
1719 1644 1747 1671 S.
1763 1645 1946 1671 ALBERTI.

555 1696 592 1722 D.
617 1695 806 1727 VISTRICZ,
839 1697 905 1721 ziz-ei
934 1695 1129 1721 ronemmzder
1150 1695 1308 1730 yeecendete
1334 1695 1498 1724 Breieaaete:
1554 1696 1588 1727 6)
1618 1698 1635 1727 †
1660 1697 1687 1723 S.
1715 1697 1870 1723 PODOBA
1887 1718 1893 1724 .
1909 1719 1914 1724 .
1930 1719 1945 1724 ..

555 1747 643 1773 Aruer
673 1750 722 1773 mit
751 1748 975 1782 ansqebreiteten
1007 1747 1128 1781 Fluyeln,
1162 1747 1238 1781 Ii'opf
1265 1747 1518 1782 recliesyeire11tlet‚·
1565 1749 1597 1779 7)
1620 1750 1638 1780 †
1662 1749 1690 1775 S.
1716 1749 1945 1776 MAR...1(JZ.

1964 936 1994 958 10

1963 1540 1997 1564 ⁸21»

557 1799 627 1825 nael!
654 1800 744 1825 reclils
766 1799 922 1833 llieyeiidei·
943 1799 1042 1833 1'09el;
1089 1798 1120 1831 9)
1144 1807 1167 1825 s.
1192 1807 1237 1825 nr.
1262 1799 1311 1831 44«,
1337 1799 1364 1825 5.
1391 1814 1431 1817 ἑ
1463 1800 1622 1835 Willinquu.
1645 1801 1739 1833 surstl.
1764 1800 1944 1826 Selorarz-en-
1965 1797 1997 1820 ‘-'·''

555 1851 716 1886 heryisclies
740 1851 844 1877 Archiv
871 1851 904 1883 ΙΙ,
929 1851 999 1883 243,
1023 1859 1067 1877 nr.
1094 1851 1120 1878 2.

206 1960 288 2016 51.
1415 1979 1510 2013 1345
1542 1980 1645 2024 April
1671 1980 1692 2013 5
1723 1981 1892 2024 Are'ytmn.

219 2049 255 2084 P.
289 2050 444 2084 Clemens
481 2049 535 2084 VI.
566 2051 680 2083 nimmt
708 2051 771 2084 (las
803 2049 1281 2084 Benedilftz'nerimzenlcloster
1310 2050 1489 2083 Pet-§lomes-
1518 2051 1550 2083 in
1579 2051 1694 2083 seinen
1725 2050 1864 2084 Sclmlz.

297 2116 463 2166 Clemens
492 2135 670 2179 episcopus
700 2143 820 2166 servus
849 2143 1026 2166 servorum
1057 2131 1121 2165 dei.
1169 2132 1308 2166 Dilectis
1337 2135 1369 2166 in
1399 2131 1531 2166 Christo
1561 2131 1688 2167 filiabus
1717 2132 1885 2167 abbatisse
1914 2138 1945 2167 et

141 2196 323 2227 conventui
353 2196 546 2228 monasterii
574 2196 606 2227 in
635 2193 787 2227 Pusmier
816 2193 940 2227 ordinis
969 2195 1076 2226 sancti
1096 2192 1280 2236 Benedicti,
1304 2192 1537 2227 Olomucensis
1566 2193 1723 2237 diocesis,
1752 2193 1891 2227 salutem
1913 2199 1943 2228 et

141 2253 359 2299 apostolicam
389 2253 668 2288 benedictionem.
710 2252 791 2287 Cum
820 2265 837 2287 a
867 2253 963 2287 nobis
992 2255 1112 2298 petitur
1141 2253 1228 2298 quod
1258 2256 1377 2287 iustum
1407 2258 1457 2287 est
1486 2258 1517 2287 et
1542 2253 1732 2297 honestum,
1762 2259 1826 2288 tam
1846 2257 1947 2299 vigor

141 2317 295 2360 equitatis
323 2325 421 2360 quam
450 2314 533 2348 ordo
563 2318 669 2360 exigit
697 2317 847 2356 rationis,
876 2319 908 2347 ut
937 2313 968 2347 id
998 2325 1057 2359 per
1087 2313 1331 2348 solicitudinem
1361 2313 1461 2348 officii
1490 2318 1595 2348 nostri
1624 2314 1663 2348 ad
1694 2314 1838 2349 debitum
1862 2326 1946 2360 per—

142 2374 281 2409 ducatur
309 2375 476 2409 effectum.
522 2374 722 2421 Eapropter‚
760 2375 879 2409 dilecte
908 2377 939 2409 in
969 2374 1102 2408 domino
1137 2373 1213 2412 filie,
1244 2377 1366 2408 vestris
1404 2377 1498 2409 iustis
1535 2375 1812 2421 postulationibus
1849 2380 1947 2420 grato

141 2440 382 2469 concurrentes
411 2446 550 2470 assensu
580 2446 744 2481 personas
768 2440 901 2469 vestras
930 2439 961 2468 et
991 2434 1110 2477 locum,
1150 2437 1180 2468 in
1211 2445 1275 2480 quo
1306 2434 1418 2469 divino
1448 2438 1528 2469 estis
1557 2435 1718 2481 obsequio
1748 2439 1946 2482 mancipate,

141 2506 216 2529 cum
246 2495 399 2530 omnibus
428 2495 536 2539 bonis,
570 2507 634 2541 que
662 2498 952 2541 impresentiarum
982 2494 1223 2529 rationabiliter
1251 2496 1430 2541 possidetis
1458 2500 1514 2529 aut
1542 2498 1575 2530 in
1604 2495 1747 2530 futurum
1777 2501 1947 2542 prestante
1966 2502 1995 2525 ³1?

143 2556 276 2590 domino
296 2559 381 2590 iuste
401 2559 554 2602 poteritis
574 2556 725 2602 adipisci.
757 2555 817 2589 sub
837 2555 925 2589 beati
946 2555 1032 2589 Petri
1053 2558 1264 2601 protectione
1283 2559 1483 2602 suscipimus
1504 2561 1602 2602 atque
1624 2561 1736 2590 nostra
1758 2557 1948 2603 specialiter

142 2619 351 2660 auctoritate„
377 2621 495 2657 terras,
526 2616 685 2659 decimas,
713 2616 822 2659 villas,
853 2616 981 2657 domos„
1011 2618 1256 2661 possessiones,
1285 2619 1415 2659 vineas,
1444 2621 1536 2662 prata
1566 2621 1597 2650 et
1626 2617 1689 2651 alia
1719 2617 1805 2651 bona
1834 2622 1946 2651 vestra

142 2679 266 2720 omnia‚
295 2680 379 2712 sicut
409 2688 448 2711 ea
477 2680 562 2711 iuste
591 2681 624 2710 et
661 2676 799 2723 pacifice
828 2676 996 2719 obtinetis,
1026 2675 1123 2710 vobis
1152 2681 1183 2710 et
1204 2687 1264 2722 per
1283 2687 1346 2710 vos
1375 2679 1578 2711 monasterio
1608 2682 1722 2711 vestro
1751 2680 1947 2711 auctoritate

1829 2744 1844 2767 ti

1963 2203 1984 2227 3(
1992 2206 1997 2223 l
