2421 3064
996 212 1081 245 1:349
1891 209 1912 241 4
1918 209 1938 241 5

130 311 289 354 quantum
320 307 360 340 de
390 309 517 341 iusticia
548 318 723 352 possumus
753 320 968 354 promovere.
1005 309 1124 343 dictam
1156 310 1374 344 donacionem
1405 310 1607 344 admittimus
1636 313 1804 354 graciose.
1836 314 1939 356 ipsam

129 369 292 402 decimam
333 368 477 401 ecclesie
513 374 696 403 memorate
731 381 804 403 cuin
837 372 987 415 sequenti
1025 369 1223 404 condicione
1259 370 1470 416 presentibus
1500 375 1730 404 annectentes.
1770 373 1810 403 ita
1842 371 1939 415 quod.

131 428 265 474 quando
294 438 355 462 nos
384 428 439 461 vol
468 439 686 463 successores
714 433 818 463 nostri
849 434 901 463 aut
933 430 1096 464 dictorum
1125 430 1288 465 bonorum
1318 441 1537 476 possessores
1566 430 1686 464 dictam
1717 430 1879 465 decimam
1910 434 1940 464 in

132 488 258 522 eisdem
289 487 384 522 bonis
413 499 489 522 esse
519 489 725 523 noluerimus
759 490 813 523 vel
856 491 1033 533 noluerint,
1065 495 1188 524 extunc
1217 493 1279 536 ipsi
1308 502 1526 536 possessores
1555 491 1738 525 secundum
1768 491 1939 525 consilium

130 553 164 582 et
192 548 363 583 decretum
393 552 601 583 successoris
629 553 745 586 nostri.
776 553 828 596 qui
868 561 927 597 pro
957 555 1107 596 tempore
1137 551 1248 594 fuerit,
1287 550 1486 585 tenebuntur
1515 554 1585 596 ipsa
1614 550 1699 584 bona
1731 562 1747 584 a
1769 551 1940 585 solucione
1978 554 1994 575 Γ»

131 609 220 643 dicte
249 609 380 642 decime
409 620 482 643 cum
517 609 589 643 aliis
618 610 835 655 proventibus
874 611 960 645 dicte
997 611 1142 645 ecclesie
1178 611 1389 656 assignandis
1418 611 1473 645 vel
1511 622 1584 644 cum
1615 614 1753 657 pecunia
1784 611 1939 655 liberare.

133 680 193 716 pro
222 680 286 714 qua
324 669 385 702 alia
427 668 513 702 bona
551 668 654 703 libera
693 681 751 703 seu
782 675 965 716 proventus
1004 671 1170 705 debebunt
1208 672 1353 705 ecclesie
1382 671 1551 717 sepedicte
1592 676 1621 705 et
1653 674 1723 705 eius
1752 671 1940 706 rectoribus

131 732 333 776 comparari.
364 729 400 763 In
422 732 515 763 cuius
544 733 593 763 rei
613 733 836 764 testimonium
867 736 898 765 et
920 731 1022 765 robur
1042 737 1217 777 presentes
1242 732 1369 766 litteras
1398 731 1470 766 fieri
1491 736 1519 764 et
1541 731 1639 776 sigilli
1669 735 1773 765 nostri
1804 743 1940 778 appen-

130 793 227 824 sione
256 789 397 824 fecimus
431 793 638 824 communiri.
688 791 808 826 Datum
838 791 1003 838 Pustmyn
1043 803 1130 826 anno
1169 792 1291 826 domini
1320 791 1495 825 millesimo
1525 795 1760 825 trecentesimo
1790 792 1940 837 quadra-

131 853 262 896 gesimo
292 853 446 896 septimo7
476 854 507 884 in
537 854 681 884 crastino
711 855 815 885 sancti
844 852 964 886 Killani
994 856 1140 886 martiris
1170 852 1294 887 XXIII.
1325 853 1377 886 die
1407 855 1530 886 mensis
1560 855 1649 886 iunii.

441 920 528 955 θήρ..
542 920 631 955 Pery..
645 922 737 955 Sia-asel
750 930 785 947 un
802 922 917 949 Pressel.
934 938 970 941 —
987 922 1138 955 li'remsier,
1150 922 1300 956 fursterz-b.
1314 922 1428 955 Arcltir,
1443 922 1609 954 Herrsclins!
1624 922 1774 948 Hoclnratd
1789 923 1818 949 li.
1835 923 1854 949 I.
1871 932 1897 949 ιι.
1913 924 1942 950 ti.

443 972 517 998 Sui-h
544 972 677 999 Levlmer.
707 972 889 1007 ..Zeitsrltril't
917 975 940 1007 f.
965 975 991 1001 tl.
1016 975 1175 1001 (iesrhichte
1200 974 1330 1000 Mala-ens
1355 983 1381 1001 ιι.
1406 974 1580 1000 δοΙιῖθεῐειι5··
1606 974 1638 1003 ΙΙ,
1660 984 1688 1008 p.
1715 974 1784 1003 253,
1809 976 1865 1000 und
1888 976 1940 1001 den

546 1024 733 1051 Forreae·lm·en
765 1025 846 1050 hiem
872 1035 922 1051 ron
947 1026 1057 1060 Suopeh·
1081 1026 1221 1053 ..Hlfdlt-an
1251 1026 1277 1059 Γ,
1300 1036 1327 1061 p.
1353 1026 1423 1054 313.
1454 1035 1498 1052 nr.
1523 1025 1670 1052 CXLVIII.
1695 1044 1735 1046 —
1761 1027 1857 1061 Hessos!
1873 1026 1941 1053 Cod.

547 1077 614 1111 dipl.
634 1077 739 1104 Moror.
763 1077 818 1111 1‘11,
841 1087 867 1112 ρ,
887 1078 957 1106 5215.
981 1087 1025 1104 nr.
1045 1078 1102 1104 711
1126 1078 1197 1104 nach
1216 1080 1305 1104 einem
1323 1078 1400 1113 Oriy.
1419 1079 1466 1104 des
1484 1078 1623 1104 Olmnlzer
1640 1078 1940 1112 Donirapilelurae-loirs.

202 1168 283 1218 57.
1294 1189 1394 1223 1349
1422 1188 1624 1234 September
1654 1189 1698 1223 21
1732 1189 1886 1234 Lcipm'h·.

133 1257 274 1290 ιΙοΙιαηη
312 1268 377 1290 con
407 1257 561 1291 Krawar
597 1258 759 1302 verlrauft
797 1259 868 1292 dem
906 1258 1091 1303 Leipniloer·
1120 1259 1258 1303 Biiryer
1295 1258 1384 1292 Paul
1420 1260 1518 1292 einen
1547 1258 1625 1303 Hof
1655 1260 1687 1291 in
1727 1260 1799 1292 dem
1830 1258 1943 1303 Dorse

716 1319 854 1352 Trunca
885 1331 937 1352 nm
969 1319 1013 1352 15
1044 1319 1145 1353 Marlc
1176 1319 1362 1353 Groschen.

290 1377 373 1425 Nos
401 1390 573 1425 Jobannes
603 1392 643 1425 de
673 1391 815 1426 Crawar
848 1404 1022 1439 supremus
1058 1395 1264 1427 camerarius
1294 1392 1527 1427 Olomucensis
1566 1395 1844 1438 recognoscimus
1882 1395 1941 1426 in-

133 1452 344 1499 spectoribus
382 1457 414 1486 et
443 1451 647 1487 auditoribus
686 1457 837 1487 tenorem
873 1456 1085 1499 presencium
1124 1455 1302 1496 universis.
1342 1455 1416 1498 quia
1454 1456 1579 1487 curiam
1617 1458 1765 1487 nostram
1803 1456 1835 1487 in
1865 1453 1942 1487 villa

135 1518 249 1548 nostra
279 1513 450 1559 Tyrnawa
490 1524 564 1546 cum
602 1516 693 1558 agris
731 1514 770 1547 ad
802 1517 906 1559 ipsam
936 1513 1174 1560 spectantibus,
1213 1525 1310 1558 quam
1341 1516 1466 1548 curiam
1504 1517 1595 1559 prius
1624 1513 1762 1560 Byczko
1800 1513 1942 1547 famulus

135 1578 251 1608 noster
280 1585 296 1607 a
327 1573 421 1607 nobis
451 1577 553 1607 tenuit
582 1573 766 1619 hucusque,
797 1574 1005 1620 eandemque
1035 1577 1160 1607 curiam
1191 1585 1265 1607 cum
1294 1576 1386 1619 agris
1407 1574 1445 1607 ad
1468 1585 1540 1608 eam
1571 1573 1812 1620 pertinentibus
1841 1573 1941 1607 Paulo

133 1637 201 1669 civi
239 1638 353 1668 nostro
391 1633 431 1667 de
460 1633 613 1680 Lyppnik
641 1637 775 1679 suisque
823 1634 1000 1668 heredibus
1038 1645 1098 1680 pro
1137 1635 1324 1680 quindecim
1354 1638 1474 1668 marcis
1503 1645 1700 1679 grossorum
1730 1634 1941 1668 denariorum

136 1695 353 1740 Pragensium
390 1694 554 1728 Moravici
597 1698 789 1740 pagamenti
832 1700 861 1729 et
898 1698 1039 1730 numeri.
1082 1698 1259 1740 sexaginta
1302 1699 1333 1728 et
1371 1700 1512 1740 quatuor
1549 1706 1689 1740 grossos
1732 1706 1791 1740 pro
1830 1706 1941 1728 marca

134 1755 283 1801 qualibet
320 1755 556 1801 computando,
594 1756 804 1791 vendidimus
847 1760 876 1789 et
914 1755 1127 1801 presentibus
1163 1755 1340 1789 vendimus
1383 1760 1414 1789 et
1449 1758 1481 1789 in
1519 1758 1699 1789 servicium
1743 1754 1942 1797 habendum,

136 1816 327 1859 tenendum,
356 1815 594 1861 possidendum
625 1821 657 1850 et
676 1816 909 1850 utifruendum.
941 1816 998 1850 Sic
1019 1820 1127 1849 tamen
1158 1815 1243 1861 quod
1274 1815 1369 1849 nobis
1399 1816 1483 1849 idem
1506 1815 1626 1849 Paulus
1655 1818 1770 1860 suique
1800 1815 1942 1848 heredes

135 1877 276 1922 singulis
305 1879 399 1910 annis
428 1888 526 1910 unam
557 1888 702 1910 marcam
733 1888 853 1910 census
882 1887 1079 1921 grossorum
1108 1876 1334 1921 predictorum
1364 1876 1444 1909 dare
1474 1875 1641 1910 debebunt
1670 1880 1702 1909 et
1730 1875 1941 1909 tenebuntur.

136 1937 294 1972 videlicet
322 1937 489 1971 dimidiam
511 1948 657 1971 marcam
687 1940 719 1970 in
744 1937 796 1970 die
826 1937 912 1971 beati
933 1936 1179 1982 Wenczesslay
1199 1940 1353 1982 proxime
1382 1936 1521 1970 affutura
1551 1942 1583 1970 et
1603 1936 1770 1970 residuam
1801 1936 1942 1969 mediam

137 2009 284 2032 marcam
313 2009 510 2043 grossorum
540 2001 604 2031 iam
634 1998 795 2031 dictorum
825 2009 926 2043 super
955 1997 1074 2030 festum
1104 2000 1210 2031 sancti
1228 1996 1366 2042 Georgii
1396 1997 1517 2030 deinde
1546 2000 1700 2042 proxime
1729 1999 1881 2042 sequenti
1910 2000 1943 2029 ut

137 2059 343 2106 prediximus
372 2058 508 2092 solvere
537 2058 747 2092 tenebuntur.
779 2058 850 2091 IIoc
880 2060 976 2091 etiam
1008 2061 1181 2102 signanter
1209 2057 1340 2091 adiecto
1370 2063 1401 2091 et
1431 2068 1607 2104 expresso,
1638 2057 1725 2103 quod
1754 2057 1944 2102 sepedictus

138 2119 258 2153 Paulus
296 2122 412 2165 suique
442 2119 586 2153 heredes
615 2119 698 2165 apud
729 2117 946 2164 Byczkonem
977 2117 1135 2151 famulum
1164 2122 1313 2151 nostrum
1344 2118 1527 2164 predictum
1560 2120 1610 2151 ius
1640 2117 1906 2164 eupbeoteticum
1920 2120 1943 2160 ³,

138 2180 225 2227 quod
255 2183 286 2213 in
316 2180 419 2224 vulgo
457 2180 576 2213 dicitur
605 2179 819 2225 purchrecbt.
859 2181 890 2211 in
920 2182 1014 2211 sexta
1045 2178 1178 2211 dimidia
1218 2189 1330 2212 marca
1369 2189 1565 2223 grossorum
1599 2178 1810 2211 denariorum
1840 2188 1945 2223 sepe-

137 2241 300 2274 dictorum
332 2240 552 2274 exsolverunt
581 2244 679 2285 atque
709 2244 872 2273 emerunt.
903 2237 1098 2283 Excipimus
1119 2242 1229 2272 tamen
1259 2249 1361 2283 agros
1385 2239 1469 2280 illos„
1500 2249 1583 2283 quos
1604 2237 1792 2272 hominibus
1822 2240 1946 2271 nostris

138 2301 180 2334 de
199 2300 277 2334 villa
306 2305 419 2334 nostra
440 2300 553 2334 Horka
584 2300 734 2334 dedimus
764 2299 802 2332 ad
827 2298 1002 2333 colendum
1033 2310 1071 2332 ac
1091 2303 1186 2344 prato
1214 2309 1293 2341 uno,
1324 2299 1409 2344 quod
1440 2310 1500 2345 pro
1522 2302 1612 2332 curia
1642 2303 1756 2332 nostra
1778 2301 1809 2331 in
1829 2297 1945 2331 Horka

138 2360 234 2395 nobis
262 2371 489 2395 reservamus.
530 2365 562 2394 et
591 2360 732 2406 quodam
763 2371 846 2405 agro
877 2359 1011 2405 speciali
1042 2362 1172 2392 iacente
1208 2363 1299 2392 retro
1329 2359 1510 2404 predictam
1551 2362 1676 2392 curiam
1715 2361 1803 2392 circa
1838 2361 1945 2403 ipsum

1964 854 1995 877 11»

1964 1190 1995 1213 15

1962 1517 1983 1538 ⁴(
1990 1520 1995 1537 1

1964 2123 1998 2146 30

138 2421 289 2464 fluvium,
319 2424 374 2466 qui
403 2432 487 2466 ager
505 2421 609 2465 vulgo
630 2432 730 2466 wyze
752 2420 808 2454 vel
838 2431 939 2465 nywa
961 2419 1090 2462 dicitur3
1113 2423 1144 2452 et
1165 2423 1306 2464 excepta
1336 2419 1437 2453 berna
1460 2422 1533 2453 sive
1554 2424 1665 2452 steura
1686 2418 1804 2463 regali,
1835 2429 1898 2463 que
1919 2421 1946 2451 si
1966 2423 1999 2445 :;.·‚

139 2482 210 2515 dari
241 2481 463 2517 mandabitur.
493 2482 591 2515 iidem
621 2481 779 2515 Paullus³
809 2483 978 2526 ipsiusque
1007 2479 1163 2514 heredes.
1193 2484 1227 2513 ut
1251 2480 1305 2513 alii
1327 2483 1430 2513 nostri
1461 2479 1613 2513 homines
1642 2490 1701 2513 seu
1731 2479 1841 2512 incole
1871 2479 1948 2512 dant

138 2542 179 2576 de
217 2545 284 2576 suis
326 2544 431 2587 agris,
474 2541 596 2575 dabunt
638 2546 736 2587 atque
775 2540 918 2574 solvent.
966 2539 1162 2585 Excipimus
1199 2542 1334 2585 insuper
1370 2539 1507 2573 Paulum
1551 2539 1767 2584 eiusdemque
1805 2538 1949 2572 heredes

137 2602 330 2649 sepedictos
369 2602 409 2636 ab
438 2605 526 2636 omni
561 2601 676 2636 labore
714 2606 746 2635 et
775 2612 891 2634 onere.
929 2603 982 2645 qui
1012 2599 1106 2633 labor
1143 2603 1309 2634 communi
1347 2603 1481 2634 nomine
1519 2599 1637 2633 robota
1676 2599 1871 2645 appellatur.
1910 2609 1949 2631 ac

297 2680 322 2709 a)
344 2680 414 2710 Orig.
