2421 3064
1005 204 1082 235 1405
1873 210 1944 242 :393

136 307 348 354 pontificatus
378 311 577 340 sanctissimi
610 312 638 341 in
661 309 794 342 t‘liristo
825 312 926 354 patris
956 314 987 342 et
1019 309 1142 343 domini
1174 312 1277 342 nostri
1307 310 1429 342 (lumini
1460 311 1617 353 Gregorii
1647 322 1730 356 pape
1760 312 1945 345 duodecimi

135 368 246 401 divina
276 368 494 413 providencia
524 379 610 401 anno
641 372 741 413 ipsius
763 372 879 413 primo.
911 372 941 402 iu
973 373 1178 403 monasterio
1200 369 1252 402 Aa
1275 369 1454 403 lnl'auciam
1485 372 1661 404 salvatoris
1684 371 1839 405 Pussmir.
1871 378 1946 405 ante

133 427 264 462 stubam
294 438 505 461 communem
536 440 635 473 snpra
667 434 800 462 terram.
832 430 1067 464 tllomucensis
1101 430 1255 464 diocesis.
1288 433 1317 462 in
1348 441 1419 463 mea
1451 435 1568 464 notarii
1600 431 1719 476 publici
1750 435 1948 477 testiumque

136 491 310 534 presencia
340 487 604 533 subscriptorum
637 490 674 522 ad
704 490 766 522 boc
788 491 978 535 specialiter
1006 495 1274 523 convocatorum
1297 495 1325 522 et
1349 495 1540 534 rogatorum
1563 495 1759 525 constitutus
1781 504 1947 537 persona—

135 550 210 582 liter
238 548 401 594 providus
431 551 482 581 vir
504 548 638 582 Stin-mo
668 550 742 582 olim
773 553 857 584 civis
887 551 927 584 de
951 550 1140 584 &Visebauz
1171 562 1256 583 nunc
1287 551 1384 584 iudex
1416 554 1444 584 iu
1469 551 1663 596 liywanicz.
1695 557 1810 597 petens
1833 552 1945 585 lmmi—
1985 564 2000 585 Γ.

137 610 212 643 liter
241 608 472 642 honorabilem
505 612 611 642 virum
642 610 808 643 dominum
840 610 1063 644 Bai-trandum
1104 613 1308 656 prepositum
1348 614 1539 644 monasterii
1571 612 1622 644 Ad
1659 612 1839 645 Iul'anciam
1874 613 1945 646 sal-

136 673 263 703 vatoris
284 673 315 703 in
337 668 486 702 Pussmir
507 669 567 702 sibi
589 670 702 703 literas
723 682 781 703 seu
803 671 1014 715 privilegium
1046 682 1148 716 super
1178 674 1269 704 curia
1300 682 1358 703 sua
1389 676 1418 703 et
1449 675 1539 715 agris
1570 676 1639 705 sitis
1669 673 1748 705 foi-is
1771 672 1945 706 Wischaw

135 729 288 764 exhiberi
319 734 351 763 et
381 733 578 775 presentari.
633 732 695 770 Qui
725 731 856 775 quidem
888 731 1095 764 honorabilis
1125 735 1177 765 vir
1207 732 1358 765 dominus
1388 731 1590 765 Bartramlus
1621 733 1805 777 predictum
1835 736 1945 778 privi-

138 792 260 836 legium
292 790 421 824 duobus
450 791 566 834 sigillis
596 791 787 835 sigillatum.
826 803 940 825 sanum
981 796 1011 825 et
1043 795 1223 836 integrum.
1262 803 1326 825 non
1358 795 1512 825 viciatum
1543 804 1606 825 nun
1638 794 1852 826 cancellatum
1884 805 1945 827 nee

135 851 290 885 abrasmu
321 862 383 885 nec
412 854 444 884 in
474 851 582 895 aliqua
613 854 661 884 sui
692 856 785 896 parte
816 856 1019 897 suspectum.
1051 852 1108 885 sed
1139 855 1226 885 omni
1257 863 1393 897 prorsus
1424 855 1510 886 vicio
1541 858 1569 885 et
1593 856 1782 899 suspicione
1811 858 1947 886 carente

135 912 298 955 exhibuit,
329 922 470 956 quorum
501 914 641 956 primum
671 917 741 944 erat
772 912 1045 946 reverendissimi
1076 915 1106 946 in
1132 912 1264 946 Christo
1295 915 1395 957 patris
1425 917 1456 945 ct
1477 912 1599 946 domini
1622 913 1742 947 domini
1764 913 1948 947 Laezkonis

135 975 285 1018 episcopi
315 972 550 1006 Olomucensis
581 972 621 1005 de
651 983 727 1005 cera
759 972 858 1005 rubea
890 972 964 1006 albe
999 984 1077 1006 cere
1119 976 1295 1018 impressa.
1335 975 1364 1006 in
1404 976 1496 1006 euius
1536 974 1643 1007 medio
1683 985 1805 1019 ymago
1843 977 1948 1007 sancti

135 1032 315 1067 Venceslai
347 1032 472 1066 habens
503 1037 571 1066 tres
600 1033 739 1077 clipeos.
776 1044 873 1066 unum
914 1033 1068 1066 videlicet
1112 1034 1256 1066 ecclesie
1286 1032 1519 1066 Olomucensis
1558 1045 1574 1066 a
1614 1034 1716 1066 latere
1755 1034 1873 1067 dextro
1916 1039 1946 1067 et

135 1094 319 1127 secundum
348 1095 451 1138 ipsius
481 1092 660 1126 reverendi
692 1096 792 1138 patris
821 1093 944 1127 domini
974 1093 1157 1127 Laczkonis
1187 1096 1337 1139 episcopi
1366 1091 1599 1127 Olomuc'ensis
1629 1095 1765 1139 predicti
1796 1106 1812 1127 a
1844 1095 1945 1127 latere

135 1157 270 1188 sinistro
300 1158 330 1186 et
361 1156 500 1186 tercium
533 1156 563 1186 in
593 1156 722 1197 gremio
752 1154 891 1199 predicti
920 1157 1088 1199 ymaginis
1119 1157 1228 1187 situm.
1261 1153 1385 1187 babens
1416 1157 1445 1187 in
1476 1166 1516 1187 eo
1550 1155 1805 1200 disposicionem
1836 1155 1943 1199 aquile
1986 1165 1999 1185 ·.

135 1213 204 1248 alas
234 1218 395 1247 extensas
425 1214 464 1246 ad
495 1213 675 1247 volandum
706 1218 737 1246 et
766 1213 892 1247 hastam
923 1217 953 1247 in
984 1213 1103 1247 dextra
1135 1225 1231 1247 manu
1262 1217 1426 1255 tenentis;
1460 1214 1556 1248 litere
1585 1226 1668 1248 vero
1697 1216 1944 1248 circumferen-

136 1275 251 1308 ciales.
281 1279 314 1307 ut
343 1277 448 1320 prima
478 1274 564 1307 facie
598 1273 813 1320 apparebant.
852 1275 933 1308 tales
971 1279 1082 1308 erant:
1123 1275 1275 1319 Sigillum
1316 1274 1504 1309 Laczkonis
1543 1276 1582 1308 de
1620 1276 1761 1309 (firawar
1798 1275 1945 1321 episcopi

135 1336 384 1369 Olomucensis.
433 1335 624 1369 Secundum
662 1346 739 1368 fero
768 1335 911 1379 sigillum
941 1340 1010 1369 erat
1043 1336 1176 1381 capitoli
1208 1335 1440 1369 Olomucensis
1470 1336 1510 1369 de
1540 1347 1617 1369 cera
1648 1336 1746 1369 viridi
1775 1336 1848 1369 albe
1878 1339 1944 1369 ini-

136 1407 264 1442 pressa.
304 1399 336 1429 in
374 1399 467 1429 cuius
508 1395 618 1429 medio
657 1406 780 1441 ymago
820 1399 924 1429 sancti
945 1396 1123 1429 Venceslai
1153 1395 1213 1429 sub
1243 1395 1377 1429 ciboriis
1409 1407 1512 1441 usque
1542 1396 1579 1429 ad
1611 1395 1790 1433 baltheum.
1830 1401 1945 1429 tenens

134 1460 166 1490 in
196 1468 294 1491 manu
324 1456 444 1490 dextra
473 1460 642 1502 sceptrum
673 1460 705 1489 et
734 1459 763 1489 in
795 1467 894 1489 mauu
924 1459 1054 1489 sinistra
1085 1456 1238 1501 clipeum.
1270 1459 1300 1489 in
1331 1460 1426 1490 cuius
1457 1457 1565 1489 medio
1595 1461 1664 1490 erat
1690 1456 1798 1501 aquila
1820 1456 1944 1489 liabens

136 1519 205 1552 alas
235 1522 394 1551 extensas
424 1516 464 1550 ad
495 1516 697 1550 volandum:
729 1516 822 1549 litere
852 1528 934 1549 vere
964 1516 1295 1550 circumferenciales
1325 1521 1420 1550 erant
1448 1517 1550 1550 tales:
1595 1516 1747 1560 Sigillum
1778 1521 1943 1550 secretum

136 1579 271 1625 capitoli
301 1577 545 1612 Olomucensis.
589 1576 683 1617 Quod
714 1587 774 1621 per
804 1588 854 1609 me
885 1580 1046 1610 notarium
1078 1577 1324 1622 infrascriptum
1354 1580 1386 1610 in
1414 1576 1575 1622 publicam
1607 1576 1748 1610 formam
1778 1576 1884 1621 redigi
1914 1581 1945 1610 et

135 1641 296 1673 transumi
325 1638 516 1684 postulavit.
547 1643 580 1670 ut
609 1638 716 1671 eidem
750 1642 915 1681 tamquam
946 1637 1124 1682 privilegio
1157 1637 1327 1683 principali
1357 1641 1582 1682 transsumpto
1603 1640 1633 1670 in
1655 1637 1776 1670 iudicio
1797 1641 1829 1670 et
1849 1641 1943 1670 extra

134 1710 248 1734 coram
279 1710 479 1744 quocunque
510 1699 618 1733 iudice
648 1698 807 1744 spirituali
838 1698 893 1731 vel
922 1698 1065 1731 seculari
1096 1698 1243 1742 plenaria
1274 1697 1355 1731 fides
1384 1696 1579 1730 adhibeatur
1608 1702 1640 1730 et
1659 1708 1700 1730 ne
1721 1696 1864 1731 fortasse
1884 1708 1944 1742 per

134 1763 262 1794 viarum
294 1760 484 1794 discrimina
515 1764 546 1793 et
577 1771 655 1793 casu
685 1759 818 1792 fortuito
849 1759 1030 1804 principale
1060 1758 1271 1803 privilegium
1298 1757 1511 1803 deperdatur.
1541 1760 1634 1790 cuius
1659 1762 1754 1790 tenor
1774 1757 1814 1790 de
1834 1757 1940 1791 verbo

133 1821 172 1854 ad
212 1820 351 1854 verbum
392 1823 544 1866 sequitur
586 1824 619 1854 et
657 1825 707 1853 est
745 1820 837 1852 talis:
878 1818 1034 1863 „Laezko
1075 1818 1127 1852 dei
1156 1821 1264 1863 gratia
1294 1821 1471 1864 episcopus
1501 1818 1735 1851 Oloniucensis
1758 1845 1763 1850 .
1788 1845 1825 1851 ..
1856 1829 1941 1851 anno

135 1881 258 1915 domini
288 1881 463 1915 millesimo
494 1881 824 1926 quadringentesimo
853 1881 994 1924 quai-10⁸⁴
1012 1878 1034 1911 ¹.

289 1942 339 1975 De
368 1946 401 1975 et
430 1953 531 1987 super
571 1940 722 1975 omnibus
761 1945 792 1973 et
829 1939 967 1984 singulis
1005 1942 1177 1984 premissis
1212 1939 1360 1984 prefatus
1390 1939 1500 1972 Sturm
1540 1942 1655 1984 petivit
1693 1938 1754 1972 sibi
1791 1950 1851 1984 per
1890 1950 1941 1972 me

134 2005 297 2037 notarium
329 2002 495 2048 publicum
526 2002 771 2046 infrascriptum
802 2012 899 2034 unum
931 1999 983 2033 vel
1013 2000 1105 2045 plura
1136 1999 1300 2043 publicum
1330 2011 1388 2032 seu
1418 1999 1546 2044 publica
1576 2002 1806 2032 instrumenta.
1836 1998 1940 2032 Man-

134 2063 222 2097 davit
253 2066 359 2097 eciam
388 2062 592 2098 venerahilis
623 2063 753 2095 domina
776 2060 923 2094 Elizabet
944 2059 1111 2093 abbatissa
1140 2059 1287 2105 predicta
1317 2070 1456 2105 presens
1485 2059 1653 2104 privilegii
1682 2064 1938 2104 transsumptum

133 2127 165 2157 in
195 2124 333 2158 evidens
368 2127 592 2158 testimonium
629 2127 661 2156 et
699 2122 801 2156 robur
839 2123 956 2155 minori
994 2120 1104 2164 sigillo
1147 2131 1207 2153 suo
1243 2122 1448 2165 appensione
1485 2122 1693 2153 communiri.
1742 2120 1828 2153 Acta
1868 2125 1941 2153 sunt

135 2184 197 2218 hec
217 2195 317 2227 anno,
348 2185 548 2226 indiccione,
578 2184 642 2217 die.
674 2194 800 2223 mense,
831 2181 1033 2227 pontificatu,
1064 2180 1158 2223 liora.
1186 2180 1260 2213 loco
1290 2179 1408 2225 quibus
1429 2191 1540 2225 supra.
1561 2179 1772 2225 presentibus
1792 2183 1941 2213 circum—

133 2248 256 2290 spectis
293 2249 325 2278 et
363 2245 512 2279 honestis
548 2246 630 2277 viris
668 2242 820 2276 Johanne
858 2241 1029 2285 lutiligulo.
1073 2240 1231 2274 Johanne
1269 2240 1357 2273 dicto
1396 2239 1527 2273 Schaur
1562 2242 1682 2273 vitrico
1723 2240 1868 2274 ecclesie
1910 2243 1940 2273 in

134 2304 292 2349 Pussmir‚
331 2305 460 2340 civibus
489 2309 522 2339 et
550 2307 666 2338 iuratis
695 2304 735 2337 de
765 2302 914 2336 Pussmir
943 2306 973 2334 et
1003 2312 1099 2346 quam
1131 2300 1278 2346 pluribus
1309 2299 1482 2344 fidedignis
1512 2299 1648 2333 testibus
1678 2300 1764 2333 dicte
1799 2300 1941 2333 diocesis

133 2365 174 2398 ad
203 2368 366 2412 premissa
396 2368 525 2400 vocatis
554 2364 746 2410 specialiter
774 2367 807 2396 et
835 2365 972 2407 rogatis.

288 2426 330 2460 Et
358 2438 423 2471 ego
453 2425 614 2460 Albertus
644 2429 740 2458 natus
769 2424 932 2469 quondam
964 2422 1090 2455 Nicolai
1130 2421 1170 2454 de
1200 2420 1382 2455 Prosthana
1420 2421 1561 2454 clericus
1591 2420 1824 2454 Olomucensis
1863 2420 1942 2454 dio—

133 2490 232 2530 cesis7
271 2487 421 2533 publicus
451 2489 650 2520 auctoritate
680 2485 840 2530 imperiali
875 2486 1034 2525 notarius,
1071 2482 1230 2515 dictarum
1271 2480 1387 2515 harum
1427 2480 1643 2514 exliibicioni.
1682 2483 1942 2527 presentacioni.

134 2550 301 2592 peticioni,
332 2550 364 2581 in
394 2547 535 2581 formam
566 2545 728 2592 publicam
760 2544 961 2579 redaccioni.
993 2542 1240 2588 exemplacioni
1269 2541 1488 2586 omnibusque
1517 2541 1600 2584 aliis,
1630 2541 1705 2574 dum
1735 2544 1782 2574 sic
1803 2546 1836 2574 ut
1858 2552 1944 2586 pre-

135 2610 271 2641 mittitur
301 2607 419 2642 lierent
448 2612 480 2640 et
509 2610 706 2652 agerentur,
736 2616 799 2638 una
830 2615 903 2637 cum
934 2605 1117 2649 prenotatis
1148 2601 1286 2636 testibus
1315 2612 1456 2647 presens
1486 2600 1619 2634 interfui
1649 2612 1772 2646 easque
1802 2604 1849 2635 sic
1874 2601 1944 2634 lieri

291 2682 312 2717 ¹)
339 2668 393 2707 sir),
409 2683 468 2707 Cod.
483 2682 545 2715 dipl.
562 2682 659 2705 Jlorar.
673 2681 747 2705 Xlll.
767 2690 792 2713 p.
806 2682 864 2704 331¹.
885 2689 924 2703 nr.
938 2679 996 2703 311).

1785 2729 1819 2751 5⁴»

1973 865 2001 887 lei

1966 1466 1999 1488 :lii

1959 2066 1993 2090 ΞΗ·

1962 2676 1995 2699 41»
