2421 3064
980 251 1063 283 1:36⁴.)
1852 246 1860 279 l
1872 246 1919 279 ‹t3

112 350 257 384 dotatum
287 348 328 382 de
348 352 509 394 pecuniis.
539 360 620 394 quas
651 349 803 383 dominus
825 349 1014 395 Stephanus
1045 349 1175 394 reliquit
1206 348 1361 394 capitulo.
1393 348 1478 392 quod
1509 351 1614 394 ipsum
1645 349 1683 381 ad
1707 348 1792 382 idem
1815 349 1920 382 altare

111 408 316 444 confirmabit
346 413 377 442 et
409 412 441 442 in
470 409 587 442 eodem
620 413 776 443 instituet.
807 413 967 455 quociens
996 412 1183 442 vacaverit.
1214 414 1422 454 presentare.

422 478 566 511 Absrlvrifl
589 490 624 504 am
650 479 755 513 Γιζψίιιι·
780 480 798 506 Ι.
821 479 872 512 ful.
890 479 911 505 lt
938 479 970 505 ΙΙ.
995 487 1037 505 nr.
1059 479 1127 505 ΙΗ.
1154 495 1194 497 j*
1219 478 1370 504 li'remswr.
1392 478 1544 511 [ὶινςίμι-ῑ-Ιι,
1563 479 1679 506 Archiv.
1705 479 1779 505 Nar-lt
1800 479 1924 505 chltm‘r

526 530 708 564 ..Zt‘ilsvltrift
736 532 756 564 f.
781 532 808 557 d.
833 531 996 557 ‹ies‹·l1i1·h!e
1029 530 1157 556 Malu-ens
1183 540 1210 557 ιι.
1236 531 1408 556 .51·l1la›sieus··
1436 531 1480 560 ll',
1508 541 1536 565 p.
1566 531 1633 558 141.
1667 540 1708 557 ιιΓ.
1735 532 1752 557 9
1786 532 1842 557 und
1867 533 1923 557 {len

527 584 712 609 l'orrci‘luren
737 583 817 609 hiesu
844 593 894 609 run
920 583 1029 617 Steoprlt
1052 592 1080 608 ιιι
1104 574 1239 616 ..Campis
1265 583 1327 610 nat.
1355 583 1479 609 Uarus:-
1505 583 1588 610 XXV.
1610 593 1636 618 p.
1663 585 1711 610 55.
1737 593 1781 611 nr.
1809 584 1856 610 IX.

184 674 298 725 121.
1338 693 1437 727 1369
1467 694 1540 727 Mai
1566 694 1591 728 S
1621 695 1869 730 Nentitscleein.

117 755 228 789 Bmio.
251 755 386 788 Letczlto
402 755 471 788 und
487 754 641 788 Lar-slias-
659 754 776 788 Solane
798 755 955 788 Zau-isch
974 756 1041 788 und
1063 756 1175 797 (iem-(s
1192 766 1255 787 ϊοη
1276 754 1495 788 Domai-elil:-
1518 756 1703 800 rerlfausen
1722 755 1818 800 Burs]
1841 756 1923 789 Do-

115 815 274 850 mai-eli&-
294 826 338 848 ιιη
358 815 495 848 Jokaun
519 826 580 848 con
610 815 773 849 Isi-amar.
800 815 965 849 Obersten
988 815 1191 848 lsanmeerer
1212 816 1273 848 det·
1297 815 1470 848 Olnmtzer
1493 815 1603 849 Cuda.
1627 817 1694 849 und
1714 817 1769 849 (lie
1787 817 1925 850 Brllder

192 874 289 914 lVok,
320 875 476 909 Benesch
509 876 575 908 med
605 875 790 909 Ludis-laus
820 887 881 909 ron
913 875 1066 909 Israel-(11-
1096 876 1163 909 und
1191 875 1320 909 Fulneh·
1350 888 1400 908 nm
1431 876 1505 909 200
1532 876 1842 911 ,tl(11·h-G1·osclee12.

273 935 355 984 ¹Nos
384 949 478 983 Buno
508 949 549 983 de
579 949 803 983 Domazelicz.
843 949 976 983 Li‘iczlm
1015 950 1164 983 eiusdem
1193 949 1287 991 tituti.
1326 949 1536 983 Zawiscliius
1567 955 1597 983 et
1627 949 1760 984 Girzico
1799 951 1921 985 fratres

116 1012 157 1045 de
186 1010 411 1053 Domazelicz.
442 1009 494 1043 filii
525 1010 665 1056 predicti
694 1010 890 1045 Luczconis.
922 1015 1038 1044 tenore
1077 1013 1288 1056 presencium
1319 1014 1597 1055 recognoscimus
1636 1015 1803 1045 universis
1842 1011 1926 1045 lianc

117 1072 261 1106 litteram
290 1073 490 1116 inspecturis
519 1081 578 1104 seu
609 1070 779 1107 audituris.
810 1072 894 1116 quod
926 1070 1011 1104 bona
1042 1070 1290 1104 deliberacione
1320 1070 1492 1116 prehabita
1522 1076 1718 1116 maturoque
1744 1075 1926 1105 amicorum

117 1137 308 1166 nostrorum
351 1131 535 1165 accedente
577 1131 717 1164 consilio
759 1130 844 1165 bona
887 1136 999 1165 nostra
1044 1130 1257 1165 hereditaria.
1305 1130 1433 1164 scilicet
1474 1134 1696 1165 municionem
1741 1136 1770 1165 et
1815 1133 1925 1166 vittam

117 1192 331 1227 Domazelicz
352 1203 426 1225 cum
447 1195 538 1225 curia
560 1191 680 1225 ibidem
703 1192 884 1235 colonaria.
907 1204 981 1225 cum
998 1195 1078 1225 satis
1094 1193 1178 1233 (sic)
1195 1191 1381 1237 yemalibus
1397 1196 1428 1224 et
1445 1191 1653 1225 estivalibus.
1675 1195 1766 1236 agris
1783 1193 1878 1226 cultis
1895 1197 1925 1226 et

119 1253 262 1297 incultis.
292 1255 406 1298 pratis.
436 1255 582 1298 pascuis.
612 1253 822 1286 molendinis.
853 1256 945 1295 ortis,
975 1256 1145 1298 pomeriis.
1167 1255 1314 1297 piscinis.
1336 1251 1593 1297 piscacionibus.
1629 1256 1722 1297 aquis
1749 1264 1921 1298 aquarum·
1970 1265 1979 1269 ·

120 1325 186 1360 que
223 1312 431 1356 decursibus.
472 1312 648 1346 montibus.
688 1313 840 1346 vallibus.
889 1312 1070 1347 thabernis.
1119 1313 1251 1347 iudicio.
1298 1315 1369 1346 iure
1404 1317 1597 1358 patronatus
1627 1314 1782 1356 ecclesie.
1832 1316 1928 1347 rivis.

120 1375 250 1408 rivolis.
281 1374 386 1417 silvis7
417 1373 554 1415 rubetis.
585 1373 777 1407 nemoribus
799 1374 893 1407 dictis
915 1373 1048 1418 vulgari
1077 1373 1229 1407 boemico
1250 1373 1329 1407 luki.
1349 1373 1602 1417 venacionibus.
1633 1374 1928 1419 aucupacionibus.

122 1434 290 1477 censibus.
329 1433 489 1468 reditibus
518 1437 755 1479 universisque
785 1433 1002 1480 proventibus
1038 1434 1290 1479 quibuscunque
1321 1434 1495 1467 vocabulis
1534 1445 1594 1467 seu
1622 1434 1811 1468 nominibus
1841 1446 1930 1468 cen-

122 1500 270 1538 seantur.
306 1498 395 1529 omni
433 1497 503 1528 iure
540 1495 705 1540 plenoque
742 1495 886 1528 dominio
925 1494 967 1528 nil
996 1497 1127 1540 penitus
1165 1494 1260 1528 nobis
1296 1494 1520 1537 excludendo.
1557 1507 1574 1528 a
1614 1494 1709 1528 nobis
1747 1500 1777 1528 et
1807 1498 1932 1529 nostris

123 1555 305 1590 heredibus
342 1558 427 1589 iusto
461 1556 671 1589 vendicionis
710 1555 800 1589 titulo
838 1554 1048 1601 presentibus
1078 1555 1253 1588 vendimus
1292 1566 1423 1589 necnon
1460 1566 1533 1589 cum
1573 1556 1726 1590 omnibus
1765 1559 1860 1589 metis
1899 1560 1929 1589 et

124 1619 294 1662 greniciis.
326 1627 423 1661 quem
453 1616 493 1650 ad
523 1616 657 1649 modum
686 1627 702 1649 a
724 1619 879 1660 genitore
910 1620 1024 1649 nostro
1055 1615 1141 1649 dicta
1170 1615 1255 1649 bona
1286 1615 1325 1649 ad
1356 1627 1416 1649 nos
1446 1616 1601 1650 devoluta
1631 1621 1705 1650 sunt
1736 1627 1863 1661 nosque.
1893 1627 1932 1649 ea

123 1678 286 1712 hactenus
317 1676 489 1722 hucusque
518 1679 695 1710 tenuimus.
731 1679 778 1710 sic
808 1688 845 1709 ea
876 1676 1060 1710 hereditate
1090 1679 1300 1721 resignamus
1339 1676 1504 1710 nobilibus
1534 1677 1675 1710 dominis
1704 1676 1848 1710 Jobanni
1888 1676 1928 1710 de

124 1737 278 1775 Crawar.
308 1748 466 1784 supremo
505 1737 609 1771 czude
631 1736 849 1771 Olomucenis
878 1740 1077 1770 camerario,
1099 1736 1281 1779 Nvockoni.
1302 1736 1491 1771 Benescliio
1522 1742 1553 1770 et
1573 1737 1745 1771 Ladisslao
1777 1737 1932 1771 fratribus

125 1799 166 1832 de
196 1797 337 1832 Crawar
371 1803 403 1832 et
440 1798 581 1832 dominis
619 1801 651 1831 in
681 1797 810 1831 Fulnek
848 1802 879 1831 et
917 1808 1031 1831 eorum
1071 1800 1216 1831 onmium
1261 1797 1440 1831 heredibus
1478 1802 1542 1831 tam
1585 1797 1796 1843 presentibus
1835 1809 1932 1842 quam

125 1858 244 1893 futuris
272 1870 333 1905 pro
362 1859 513 1892 ducentis
543 1862 664 1892 marcis
693 1870 889 1903 grossorum
921 1859 1132 1891 denariorum
1164 1857 1383 1903 Pragensium
1412 1857 1575 1892 Moravici
1604 1862 1733 1892 numeri
1764 1864 1794 1892 et
1820 1870 1931 1904 paga-
1954 1879 1961 1885 -

127 1922 240 1955 menti.
270 1922 447 1964 sexaginta
478 1924 621 1964 quatuor
649 1930 791 1964 grossos
820 1930 880 1964 pro
910 1930 1020 1952 marca
1052 1918 1194 1963 qualibet
1225 1918 1460 1963 computando.
1500 1918 1596 1951 nobis
1625 1921 1690 1952 iam
1720 1919 1928 1963 integraliter

126 1980 307 2026 persolutis
336 1991 396 2025 per
424 1983 514 2025 ipsos
545 1980 697 2014 dominos
725 1979 853 2026 prefata
893 1979 978 2013 bona
1009 1979 1167 2024 deinceps
1205 1977 1370 2018 habenda,
1410 1978 1566 2012 tenenda.
1605 1979 1766 2024 regenda.
1803 1978 1935 2023 guber-

127 2041 247 2084 nanda,
286 2040 405 2077 danda.
435 2040 625 2074 vendenda.
665 2040 895 2086 permutanda.
935 2040 1112 2085 obliganda
1151 2044 1249 2084 atque
1287 2042 1319 2072 in
1348 2044 1543 2084 perpetuum
1581 2039 1782 2073 hereditarie
1820 2043 1935 2085 possi—

128 2102 248 2135 denda.
280 2101 514 2135 Promittentes
550 2112 610 2135 nos
640 2100 746 2135 Buno.
778 2101 919 2134 Luczco.
951 2100 1160 2134 Sewischius
1189 2105 1219 2133 et
1251 2100 1384 2134 Girzico
1423 2100 1463 2133 de
1492 2099 1705 2133 Domazelicz
1744 2100 1935 2145 supradicti.

127 2161 250 2195 Jessko
280 2162 385 2195 dictus
416 2161 503 2195 Sisel
533 2162 572 2195 de
603 2161 794 2196 Turowicz.
826 2161 947 2195 Czirho
977 2161 1016 2194 de
1046 2161 1236 2204 Neniczicz.
1269 2161 1395 2194 Alscho
1425 2160 1465 2194 de
1486 2160 1783 2194 lechechowicz.
1813 2159 1935 2194 Jessko
1956 2174 1971 2197 :5

130 2222 236 2256 dictus
278 2220 404 2256 Klfisch
443 2223 483 2256 de
511 2222 679 2256 Milonicz.
717 2222 870 2256 Herscho
910 2223 950 2255 de
980 2221 1159 2255 Turowicz
1198 2221 1413 2256 fideiussores
1451 2232 1567 2255 omnes
1606 2224 1637 2254 in
1667 2220 1808 2254 solidum
1840 2232 1938 2254 manu

130 2285 306 2316 coniuncta
344 2282 429 2316 bona
474 2288 585 2316 nostra
624 2282 688 2316 fide
726 2286 798 2317 sine
837 2286 925 2316 omni
964 2282 1038 2315 dolo
1077 2282 1225 2327 predicta
1263 2281 1349 2315 bona
1389 2281 1429 2315 ab
1467 2280 1620 2315 omnibus
1658 2280 1938 2326 impeticionibus.

131 2343 413 2377 arrestacionibus
451 2355 468 2376 a
498 2343 644 2388 quolibet
683 2343 817 2377 homine
853 2346 1080 2387 cuiuscunque
1119 2347 1222 2375 status
1256 2353 1316 2376 seu
1345 2342 1551 2376 condicionis
1581 2345 1716 2384 existat.
1746 2340 1853 2375 Judeo
1884 2341 1938 2375 vel

133 2402 324 2437 Christiano
365 2403 451 2437 infra
494 2406 670 2437 triennium
715 2407 786 2437 iure
830 2408 919 2437 terre
961 2402 1114 2437 Moravie
1157 2407 1254 2448 atque
1298 2403 1458 2448 spirituali
1502 2403 1692 2436 omnimode
1736 2401 1936 2447 disbrigare.

131 2466 402 2509 quociescunque
441 2468 639 2510 oportunum
678 2464 788 2504 fuerit,
828 2467 951 2497 nostris
990 2466 1132 2509 propriis
1170 2463 1339 2497 laboribus
1378 2468 1407 2496 et
1447 2466 1606 2508 expensis
1645 2467 1676 2497 et
1716 2466 1748 2496 in
1787 2466 1940 2508 proximo
1960 2477 1989 2500 ti·

132 2523 341 2558 dominorum
372 2525 540 2570 colloquio
570 2525 748 2570 sepedictis
778 2525 918 2558 dominis
940 2524 1024 2557 bona
1046 2528 1219 2569 prenotata
1240 2524 1280 2557 ad
1302 2528 1391 2557 terre
1413 2523 1564 2557 thahulas
1585 2527 1758 2570 imponere
1780 2523 1941 2569 nobisque

133 2594 171 2617 ea
201 2595 375 2630 exponere
404 2589 436 2618 et
466 2584 579 2618 delere
608 2585 798 2630 specialiter
827 2596 886 2629 pro
908 2584 1135 2618 absolucione.
1178 2595 1242 2629 que
1262 2585 1392 2628 vulgari
1423 2583 1576 2617 boemico
1606 2584 1747 2630 scliutye
1778 2589 1807 2617 et
1838 2584 1940 2617 tlieu-

133 2647 243 2678 lunico
282 2644 482 2688 abschuttin,
520 2645 645 2679 iuribus
685 2645 867 2690 exbrigare
906 2647 1150 2690 suprascriptis.
1214 2645 1309 2686 Quod
1348 2648 1374 2678 si
1412 2655 1477 2678 non
1509 2644 1699 2688 fecerimus7
1726 2643 1813 2690 quod
1844 2644 1939 2678 absit.

133 2709 257 2738 extunc
300 2705 566 2751 quandocunque
608 2717 668 2751 per
710 2705 879 2751 predictos
922 2705 1074 2739 dominos
1115 2704 1313 2741 Johannem.
1353 2704 1579 2743 Wockonem,
1623 2704 1864 2738 Benesschium
1909 2709 1939 2738 et

1953 1568 1986 1592 ΖΟ
