2421 3064
995 204 1077 237 1357
1889 200 1931 233 61

128 309 261 338 cionum
291 307 514 336 communium
544 314 604 337 nos
633 302 697 337 duo
719 307 884 348 tamquam
915 313 998 336 unus
1019 304 1200 336 canonicus
1230 307 1260 336 et
1283 302 1416 336 easdem
1446 302 1640 348 recipiendo
1670 307 1700 335 et
1721 303 1936 347 percipiendo

130 365 172 398 de
200 366 272 397 iure
309 366 339 396 in
369 363 513 397 ecclesia
544 362 758 397 Olomucensi
796 367 828 396 et
857 363 942 408 quod
982 362 1105 396 domini
1141 367 1172 396 et
1201 363 1377 408 capitulum
1408 363 1493 396 dicte
1524 362 1756 396 Olomucensis
1794 363 1937 396 ecclesie

129 435 233 470 super
269 423 458 457 huiusmodi
497 423 800 458 distribucionibns.
843 422 1124 469 percepcionibus
1162 427 1193 456 et
1223 422 1489 456 obvencionibus
1528 422 1758 456 communibus
1788 434 1848 468 per
1878 434 1938 456 nos

129 488 298 531 perceptis
327 489 360 518 et
387 487 418 518 in
448 489 618 530 posterum
648 485 871 530 percipiendis
901 487 992 517 iuxta
1022 483 1193 517 arbitrium
1230 487 1262 516 et
1290 483 1421 516 laudum
1452 483 1694 516 honorabilium
1726 486 1872 516 virorum
1905 488 1934 516 et

129 546 338 579 dominorum
369 547 520 589 magistri
549 544 684 579 Henrici
711 544 950 579 Cremsirensis
980 544 1124 578 ecclesie
1153 544 1270 578 decani
1301 548 1333 577 et
1367 544 1509 577 Suzeme
1531 544 1710 588 Pragensis
1739 548 1770 576 et
1793 543 1936 577 Oloinu-
1974 549 1990 570 Γ»

129 608 241 640 censis
270 605 490 638 ecclesiarum
529 608 766 639 canonicorum
797 605 896 639 latum
933 609 965 638 et
993 604 1054 639 sub
1083 607 1183 638 certis
1221 607 1315 650 penis
1343 607 1597 649 pronunciatum
1634 604 1716 637 infra
1748 604 1935 648 quindecim

129 666 201 699 dies
230 665 356 699 litteras
385 664 446 698 sub
475 665 586 710 sigillo
616 669 732 699 maiori
762 665 893 710 capituli
924 665 1156 699 Olomucensis
1193 664 1290 699 nobis
1319 676 1385 699 non
1415 665 1575 698 dederunt
1614 676 1676 699 nec
1706 665 1877 709 hucusque
1907 669 1938 697 et

129 726 211 760 dare
231 730 446 759 curaverunt.
477 725 593 759 Dictus
614 729 666 759 vir
686 726 838 759 dominus
859 725 1005 759 decanus
1032 726 1071 759 ad
1093 726 1211 759 dictam
1233 727 1514 771 protestacionem
1538 725 1656 758 factam
1679 727 1726 758 sic
1747 724 1936 769 respondit:

133 785 226 829 „Nos
255 785 415 820 Albertus
444 786 591 820 decanus
625 789 852 820 consentimus
881 791 913 820 et
942 790 1096 831 quantum
1135 789 1164 819 in
1195 785 1291 819 nobis
1321 790 1370 819 est
1399 785 1503 818 libere
1533 785 1743 827 admittimus,
1782 789 1815 817 ut
1843 784 1938 817 litere

129 858 232 893 super
269 846 456 880 huiusmodi
494 846 786 880 distribucionibus
826 851 857 880 et
894 845 1173 892 percepcionibus
1210 857 1271 892 per
1309 846 1414 879 dictos
1452 848 1594 879 vicarios
1632 848 1800 891 perceptis
1838 849 1868 877 et
1907 847 1938 877 in

131 912 300 953 posterum
339 907 565 953 percipiendis
604 910 693 940 iuxta
733 909 1062 952 pronunciacionein,
1101 906 1272 940 arbitrium
1312 910 1343 939 et
1381 905 1512 939 laudum
1550 917 1611 951 per
1643 906 1749 939 dictos
1787 905 1938 939 dominos

131 967 276 1002 arbitros
304 968 404 1002 latum
435 972 467 1000 et
495 970 748 1013 pronunciatum
779 967 873 1001 dictis
904 970 1040 1001 vicariis
1069 967 1178 1011 sigillo
1208 969 1324 1000 maiori
1354 966 1487 1012 capituli
1526 965 1758 999 Olomucensis
1794 966 1938 999 ecclesie

131 1028 369 1063 roborentur.“
417 1028 468 1062 De
498 1039 561 1073 qua
591 1028 722 1073 quidem
754 1031 1001 1073 protestacione
1030 1032 1061 1061 et
1090 1030 1310 1073 responsione
1339 1027 1416 1060 dicti
1452 1027 1575 1060 domini
1604 1029 1720 1059 vicarii
1750 1029 1939 1072 petiverunt

130 1088 193 1123 sibi
223 1088 293 1122 fieri
332 1088 497 1134 publicum
528 1091 793 1122 instrumentum.
842 1089 928 1122 Acta
958 1092 1034 1122 sunt
1063 1087 1125 1121 hec
1163 1088 1363 1131 indiccione,
1402 1087 1466 1130 die,
1506 1098 1633 1130 mense‚
1672 1086 1765 1120 liora.
1805 1086 1878 1120 loco
1908 1090 1939 1119 et

132 1148 324 1195 pontificatu
362 1148 532 1195 predictiS‚
566 1147 776 1193 presentibus
812 1148 965 1182 discretis
995 1151 1076 1182 viris
1117 1152 1149 1181 et
1186 1148 1335 1182 honestis
1373 1147 1518 1181 Dietlino
1557 1150 1695 1181 sacrista
1735 1151 1766 1180 et
1800 1146 1940 1180 Alberto

131 1209 220 1243 dicto
263 1208 380 1243 Zubek
421 1211 558 1243 vicariis
606 1208 692 1241 dicte
735 1208 968 1242 Olomucensis
1011 1209 1167 1252 ecclesie7
1210 1208 1398 1242 Laurencio
1439 1207 1581 1254 plebano
1628 1207 1668 1241 de
1712 1207 1941 1252 Ottoslawycz

132 1270 369 1305 olomucensis
403 1270 558 1311 diocesis,
598 1269 745 1303 Henrico
775 1269 921 1302 altarista
951 1271 1143 1303 monasterii
1182 1271 1288 1302 sancti
1316 1267 1433 1302 Jacobi
1473 1268 1514 1302 de
1544 1268 1704 1302 Olomucz
1743 1272 1773 1300 et
1803 1266 1941 1301 Matlino

132 1331 258 1365 clerico
295 1330 417 1364 ibidem
459 1330 499 1363 de
539 1329 700 1364 Olomucz
743 1341 781 1363 ac
820 1330 891 1363 aliis
929 1328 1076 1375 pluribus
1114 1328 1177 1363 fide
1216 1329 1324 1374 dignis
1362 1327 1500 1363 testibus
1543 1329 1583 1362 ad
1625 1327 1775 1374 predicta
1812 1330 1940 1361 vocatis

131 1391 324 1438 specialiter
352 1395 384 1425 et
411 1394 549 1436 rogatis.

287 1451 329 1486 Et
371 1462 436 1496 ego
478 1451 690 1485 Hei-mannus
732 1450 898 1496 quondam
941 1450 1081 1496 Philippi
1127 1450 1270 1484 clericus
1308 1453 1452 1485 civitatis
1491 1450 1738 1491 Olomucensis‚
1777 1448 1941 1494 imperiali

132 1515 332 1546 auctoritate
359 1510 511 1557 publicus
549 1513 698 1545 notarius
726 1510 886 1556 predictis
915 1513 1166 1556 protestacioni‚
1204 1514 1416 1557 responsioni
1455 1515 1485 1544 et
1514 1510 1587 1544 aliis
1616 1509 1768 1544 omnihus
1806 1513 1838 1542 et
1866 1511 1941 1542 sin-

131 1572 219 1617 gulis
247 1574 441 1618 prescriptis
479 1582 543 1605 una
573 1582 647 1604 cum
678 1570 772 1605 dictis
802 1570 941 1605 testibus
970 1582 1111 1617 presens
1149 1571 1283 1605 interfui
1320 1574 1459 1617 ipsaque
1497 1574 1606 1604 omnia
1645 1575 1678 1604 et
1715 1569 1843 1614 singula
1874 1568 1942 1602 vidi

134 1638 166 1667 et
194 1633 319 1676 audivi,
359 1632 434 1666 dum
473 1635 521 1666 sic
559 1631 678 1666 fierent
716 1636 747 1665 et
786 1636 980 1676 agerentur,
1020 1643 1126 1677 eaque
1161 1634 1270 1666 omnia
1309 1636 1339 1665 et
1377 1631 1509 1676 singula
1547 1630 1723 1675 diligenter
1752 1629 1942 1663 auscultans

133 1696 267 1740 propria
298 1705 397 1727 manu
425 1695 544 1738 scripsi
565 1696 648 1726 etin
669 1692 755 1726 hanc
783 1692 925 1726 formam
955 1691 1120 1737 publicam
1141 1692 1181 1726 ad
1202 1694 1458 1737 requisicionem
1489 1691 1650 1724 dictorum
1680 1692 1940 1737 protestancium

133 1755 251 1800 redegi
272 1765 415 1799 meoque
436 1757 534 1799 signo
554 1753 662 1787 sollito
693 1758 725 1787 et
745 1756 879 1787 nomine
900 1755 1035 1797 signavi
1055 1757 1194 1797 rogatus
1213 1755 1246 1786 in
1267 1754 1490 1786 testimonium
1521 1754 1666 1785 omnium
1688 1753 1940 1797 premissorum.

446 1823 590 1857 Abschrift
615 1826 649 1849 im
675 1823 780 1857 Capiat·
806 1823 824 1848 Ι.
847 1822 897 1856 fol.
923 1822 942 1847 S
965 1822 1013 1849 ΙΙΙ.
1037 1831 1082 1849 nr.
1108 1822 1178 1849 157.
1202 1837 1244 1841 -—-
1268 1821 1420 1853 lirentse'er,
1443 1820 1595 1854 furste1·:-b.
1619 1820 1736 1847 Archiv.

445 1875 521 1902 Nus-lt
546 1876 606 1901 (lem
632 1875 746 1901 Druck-e
773 1875 912 1900 Lechners
944 1876 971 1900 in
996 1873 1179 1907 „Zeitscliril'l
1203 1874 1228 1906 f.
1252 1874 1280 1900 (I.
1306 1873 1468 1899 Gesclzichte
1493 1872 1622 1898 Malu-ens
1648 1882 1673 1898 u.
1698 1872 1873 1898 Selilesiens··
1899 1871 1943 1898 lt'.

546 1936 575 1962 p.
603 1927 671 1953 135.
703 1935 746 1953 ur.
773 1926 791 1951 o*
824 1926 881 1951 unt!
912 1926 964 1951 den
997 1927 1185 1952 Forrecturen
1218 1926 1298 1951 hiet-11
1332 1934 1382 1951 τοη
1408 1925 1517 1959 Snopeh¹
1549 1926 1576 1949 ιἰι
1608 1915 1743 1957 „Campis
1767 1923 1831 1950 Mat.
1857 1922 1944 1950 Μονά-

550 1978 635 2006 XXV.
657 1988 685 2013 p.
711 1978 759 2004 54'.
785 1987 827 2004 nr.
859 1977 904 2004 ΓΙ.

204 2081 1432 2131 '741357
1461 2096 1566 2140 April
1595 2095 1643 2129 13
1672 2095 1889 2140 sz'elber9.¹

284 2167 476 2213 May-hyras
496 2167 632 2201 Johame
661 2167 807 2201 1τενΙεῖΙιΙ
836 2167 896 2200 der
925 2165 1029 2199 Stadt
1058 2165 1178 2199 Brit'me
1208 2166 1271 2200 das
1304 2165 1426 2209 Unqell
1455 2168 1523 2210 anf
1543 2165 1642 2199 seclis
1670 2165 1791 2198 Jalere.

291 2237 376 2285 Nos
404 2250 576 2285 Johannes
605 2250 657 2284 dei
686 2252 793 2295 gratia
830 2249 980 2283 marchio
1010 2248 1175 2283 Moravie.
1211 2248 1441 2282 Advertentes
1471 2248 1570 2293 quod7
1614 2250 1774 2294 quociens
1804 2259 1822 2281 a
1850 2246 1946 2282 nobis

135 2315 269 2359 petitur,
299 2311 384 2357 quod
417 2313 601 2345 convenire
630 2310 797 2345 honestati
827 2310 1020 2351 dinoscitur,
1051 2312 1161 2343 animo
1190 2320 1252 2343 nos
1282 2310 1377 2343 decet
1407 2309 1521 2343 libenti
1549 2308 1739 2342 concedere
1769 2312 1801 2342 et
1821 2311 1945 2354 peten-

135 2376 222 2407 cium
243 2372 445 2406 desiderium
466 2382 651 2416 congruum
673 2371 867 2416 suffragium
891 2373 1063 2416 impertiri,
1088 2372 1245 2415 quocirca
1267 2369 1397 2404 devotis
1418 2374 1449 2403 et
1470 2368 1728 2403 racionabilibus
1749 2368 1945 2402 dilectorum

136 2432 280 2467 fidelium
323 2436 514 2466 nostrorum
557 2435 680 2466 civium
721 2431 942 2465 Brunensiuin
982 2429 1284 2476 supplicacionibus
1325 2429 1557 2463 favorabiliter
1599 2429 1747 2463 inclinati
1789 2431 1868 2475 ipsis
1907 2428 1983 2462 de*

136 2493 351 2538 benignitatis
388 2497 503 2526 nostre
532 2492 718 2526 clemencia
757 2492 912 2525 duximus
941 2490 1191 2536 indulgendum,
1229 2490 1315 2535 quod
1345 2490 1516 2534 ungeltum
1555 2501 1614 2523 seu
1652 2489 1821 2533 tributum,
1861 2488 1947 2534 quod

293 2587 313 2617 ¹)
334 2586 382 2609 Die
402 2586 532 2618 Dalirzmy
559 2586 605 2610 der
627 2585 746 2609 Urkuude
771 2585 849 2609 laniet
877 2584 1023 2617 eiyentlich:
1050 2585 1116 2608 feria
1135 2584 1230 2615 quinta
1254 2585 1281 2607 iu
1308 2583 1457 2607 ebdomada
1484 2585 1576 2615 quinta
1595 2583 1730 2615 paschaliq
1758 2591 1827 2606 icenn
1854 2583 1949 2613 quinta

138 2638 172 2653 nn
191 2631 292 2653 zzcei'ter
313 2629 388 2652 Stella
407 2629 488 2658 nicht,
514 2637 565 2652 icas
584 2630 635 2653 mir
658 2628 901 2652 wahrsclieinlicher
922 2627 1066 2656 t·0r,¹.·omml7
1094 2626 1187 2659 infulge
1211 2627 1252 2650 des
1272 2630 1354 2650 ersten
1376 2626 1548 2650 rersclzrieben
1570 2628 1611 2656 i'st,
1636 2634 1663 2650 so
1684 2629 1751 2649 zriz're
1776 2626 1821 2649 [Ias
1841 2625 1949 2657 νίς-111198

139 2672 233 2696 Datum
252 2673 297 2696 der
320 2673 455 2697 Un-hunde:
476 2673 552 2703 1357,
571 2672 626 2696 Mai
647 2673 686 2697 11.
704 2671 777 2704 (t'yl.
798 2671 936 2702 Grotel'eml
956 2670 976 2700 l,
993 2679 1019 2703 p.
1039 2671 1091 2700 81).

1962 850 1992 873 111

1963 1149 1996 1173 15

1964 2104 1999 2129 311

1968 2436 2002 2460 ,55
