2421 3064
974 212 1058 247 1:393
1845 212 1913 246 :301

104 324 177 347 sum
208 317 257 347 est
289 315 478 346 testimonio
508 313 691 346 literarum.
722 313 841 346 Datum
871 315 902 346 in
932 317 1042 346 castro
1072 318 1186 347 nostro
1215 314 1357 348 Meraw.
1389 326 1474 347 anno
1496 314 1619 348 domini
1639 314 1776 348 Mttcc
1806 326 1918 348 noua-

103 376 236 418 gesimo
266 375 382 415 tercio,
412 375 443 406 in
473 372 525 406 (lie
555 372 729 407 beatorum
759 373 897 419 Philippi
927 377 958 406 et
987 372 1105 407 Jacobi
1135 374 1375 418 apostolorum.

417 441 562 475 Ahsc'lorif!
586 444 620 468 im
648 442 859 476 Lelmnquaaeern
885 442 919 474 ll,
941 452 968 477 p.
987 442 1037 470 mi.
1062 459 1103 462 Ἀ
1128 442 1279 475 li'rvmsier,
1302 443 1453 475 furslrrzla.
1473 443 1587 470 :ira-luit.

418 493 493 519 λιιι-ὴ
527 495 587 519 (lem
613 494 726 520 Druvlre
751 494 892 521 Leelmers
923 496 950 520 ιίι
980 494 1161 529 „Zeilsvlzrist
1190 495 1212 527 f.
1238 495 1264 520 tl.
1290 494 1450 519 (iesrhirlue
1484 495 1613 520 Malu-ens
1639 505 1663 521 ιι.
1682 496 1857 521 Sesites-ivus*
1897 496 1921 522 1⁷.

519 556 547 580 J».
567 546 636 572 258.
662 555 707 573 nr.
726 546 764 571 4'1‘6
784 547 842 572 ιιιιιΙ
857 547 911 573 den
927 546 1116 573 Correvturen
1135 547 1214 572 hiet-u
1234 554 1285 571 ron
1304 546 1415 580 Simpvh·
1432 549 1459 571 in
1481 538 1615 581 ustus-ulus
1634 547 1695 574 Mat.
1712 547 1798 574 Mors·
1823 547 1869 573 Χί
1881 547 1921 574 t'l.
1960 553 1975 573 Γ»

519 608 547 632 p.
567 599 615 624 ΓΝ.
641 607 685 625 nr.
704 597 833 625 A'Lt'lll.

179 743 294 793 345.
1572 763 1669 796 1393·
1698 764 1782 797 Jam·
1810 764 1868 798 23.

174 829 311 874 Has-eye
340 841 403 863 ron
436 829 580 863 Prowoz
610 830 771 874 rerlranft
799 832 916 864 see'nen
948 830 1066 864 Besitz-
1097 833 1138 865 im
1169 831 1281 876 Dorse
1311 832 1513 866 Ji'lohoueelf
1542 846 1584 866 (m
1614 834 1719 867 Jeslm
1752 834 1862 867 Pasira

877 902 941 924 ron
973 891 1156 925 Ii'nnsladl.

265 958 353 1018 Ego
374 973 508 1018 Hussye
543 973 583 1006 de
612 972 755 1007 Prowoz
784 985 847 1007 una
878 985 952 1007 cum
982 974 1162 1008 heredibus
1194 978 1275 1009 meis
1304 980 1417 1009 notum
1447 976 1534 1009 facio
1566 981 1682 1010 tenore
1712 979 1924 1022 presencium
1949 984 1978 1007 ιιι

109 1035 288 1076 universis„
319 1034 406 1079 quod
435 1037 546 1067 animo
577 1033 760 1067 deliberato
789 1039 821 1067 et
850 1045 932 1068 sano
961 1038 1145 1069 amicorum
1175 1047 1325 1069 meorum
1356 1036 1396 1070 ad
1426 1036 1491 1070 hoc
1520 1037 1704 1070 accedente
1734 1037 1872 1070 consilio
1894 1039 1926 1070 in

110 1093 188 1127 villa
217 1093 456 1128 Klobuczkach
494 1094 577 1128 duos
615 1095 741 1134 laneos7
786 1095 1023 1138 molendinum,
1064 1095 1235 1130 tabernam
1265 1108 1339 1130 oum
1369 1099 1472 1130 tercia
1503 1097 1634 1130 dimidia
1665 1097 1845 1133 curticulis,
1886 1097 1926 1130 (le

108 1153 228 1199 quibus
263 1157 431 1188 annuatim
469 1159 673 1188 censuautur
707 1159 850 1200 quatuor
886 1166 1000 1189 marce
1034 1167 1231 1200 grossorum
1270 1160 1378 1191 minus
1408 1162 1483 1191 octo
1512 1169 1665 1203 grossos,
1696 1162 1727 1190 et
1756 1157 1827 1191 aliis
1857 1160 1926 1190 suis

110 1217 326 1261 pertinenciis
356 1218 537 1258 universis,
568 1215 758 1249 utilitatibus
788 1220 820 1249 et
848 1216 1066 1261 proventibus
1096 1218 1235 1262 singulis
1264 1218 1362 1263 pleno
1383 1221 1454 1251 iure
1470 1223 1502 1251 et
1527 1218 1684 1252 dominio.
1714 1223 1810 1263 prout
1831 1221 1927 1263 ipse-

111 1279 178 1309 met
207 1278 296 1309 tenui
325 1280 358 1308 et
386 1275 532 1321 possedi,
562 1275 662 1309 nichil
692 1279 723 1309 in
753 1278 801 1309 eis
831 1279 952 1310 mareis
981 1288 1021 1310 ac
1048 1281 1259 1322 proprietatis
1288 1278 1344 1312 vel
1373 1278 1507 1312 dominii
1538 1278 1636 1312 michi
1666 1283 1719 1312 aut
1746 1278 1924 1312 heredibus
1946 1294 1978 1318 17»

109 1338 143 1369 in
181 1335 277 1369 dictis
314 1335 411 1369 honis
450 1339 532 1369 meis
570 1336 792 1379 reservando,
835 1336 970 1370 vendidi
1008 1341 1040 1370 et
1074 1338 1283 1382 presentibus
1321 1338 1433 1373 vendo
1472 1339 1572 1373 nobili
1612 1339 1745 1373 domino
1774 1339 1928 1373 Jessconi

111 1396 199 1430 dicto
216 1395 343 1429 Pusska
365 1396 405 1430 de
427 1395 565 1430 Cunstat.
585 1401 615 1430 et
637 1400 705 1431 suis
726 1396 907 1431 heredibus
927 1397 1071 1443 qualibet
1091 1409 1203 1432 marca
1225 1410 1348 1433 census
1368 1411 1428 1445 pro
1450 1401 1566 1434 decem
1589 1403 1711 1433 marcis
1728 1401 1825 1443 (sic)3
1847 1410 1929 1444 quas

111 1461 177 1492 iam
206 1456 246 1491 ab
276 1456 396 1491 eodem
426 1457 559 1490 domino
588 1457 752 1491 Jesscone
781 1457 932 1503 plenarie
961 1461 1099 1504 percepi
1128 1463 1160 1492 et
1188 1462 1220 1493 in
1251 1464 1330 1494 toto.
1371 1471 1434 1505 que
1464 1463 1573 1494 omnia
1603 1463 1789 1506 prescripta
1819 1460 1929 1493 eidem

112 1517 247 1552 domino
276 1517 431 1551 Jesseoni
467 1521 500 1550 et
537 1520 606 1551 suis
644 1517 835 1561 heredibus.
874 1518 978 1552 libere
1012 1524 1044 1552 et
1072 1522 1144 1553 sine
1174 1520 1400 1565 inpedimento
1429 1523 1565 1565 resigno
1595 1525 1628 1554 et
1656 1524 1792 1565 assigno
1822 1521 1929 1554 here-

112 1577 231 1612 ditarie
270 1578 461 1621 tenendum,
498 1578 645 1622 legitime
680 1578 918 1623 possidendum
957 1583 989 1613 et
1022 1584 1182 1624 perpetue
1213 1580 1450 1615 utifruendum.
1493 1581 1563 1615 Nos
1593 1592 1725 1626 quoque
1756 1581 1859 1615 Smilo
1889 1581 1929 1615 de
1950 1595 1983 1617 21·

111 1638 253 1673 Cunstat
282 1639 363 1672 alias
393 1638 433 1671 de
462 1638 632 1680 Lessnicr„
667 1638 840 1672 Erhardus
869 1639 909 1672 de
939 1638 1077 1673 Cunstat
1106 1640 1188 1674 alias
1217 1640 1258 1674 de
1287 1641 1380 1684 Skah
1409 1641 1582 1676 Erhardus
1612 1641 1653 1675 de
1683 1641 1820 1676 Cunstat
1849 1642 1930 1675 alias

83 1712 89 1719 ·
113 1700 154 1733 de
182 1699 315 1733 Luczan
353 1703 386 1732 et
413 1698 536 1733 Jessko
565 1699 716 1733 Hrusska
755 1700 795 1733 de
824 1699 978 1733 Radcow
1016 1711 1089 1733 cum
1128 1712 1168 1734 eo
1207 1705 1240 1735 et
1273 1712 1333 1747 pro
1362 1705 1434 1748 ipso
1463 1705 1764 1748 compromissores
1793 1707 1826 1737 et
1854 1703 1930 1736 dis-

112 1759 304 1804 brigatores
333 1771 449 1794 omnes
478 1760 654 1793 insolidum
685 1771 782 1793 manu
812 1763 988 1794 coniuncta
1019 1766 1052 1795 et.
1080 1761 1245 1795 indivisim
1276 1762 1362 1796 bona
1391 1767 1506 1796 nostra
1536 1767 1568 1797 et
1596 1767 1727 1797 sincera
1757 1763 1820 1797 fide
1841 1774 1929 1809 pro-

114 1823 272 1854 mittimus
301 1820 431 1866 prefato
461 1820 595 1854 domino
623 1820 778 1854 Jessconi
813 1825 845 1854 et
873 1823 941 1854 suis
970 1821 1150 1855 heredibus
1179 1822 1285 1856 dictos
1313 1823 1441 1867 laneos,
1480 1823 1665 1858 tabernam.
1705 1824 1929 1858 molendinum

113 1892 190 1915 cum
232 1881 403 1915 curticulis
444 1880 584 1926 prefatis
626 1886 658 1914 et
695 1884 764 1915 suis
802 1885 1016 1927 pertinenciis
1054 1881 1094 1915 ab
1132 1885 1345 1928 impeticione
1383 1886 1456 1917 sive
1491 1884 1718 1929 inpedimento
1757 1884 1932 1919 cuiuslibet
1951 1894 1984 1917 25,

116 1941 260 1976 hominis
289 1940 468 1975 Christiani
497 1941 552 1976 vel
581 1941 679 1975 Judei
708 1942 890 1975 secundum
921 1952 1132 1976 communem
1162 1942 1419 1977 observaneiam
1449 1947 1529 1978 iuris
1559 1949 1648 1979 terre
1675 1944 1830 1979 Moravie
1859 1957 1930 1979 ex-

114 2001 250 2047 brigare
279 2007 310 2036 et
341 2001 528 2046 disbrigare
557 2007 590 2036 et
618 2002 809 2048 specialiter
837 2002 877 2035 ab
907 2006 1059 2036 euicione
1089 2003 1275 2047 vulgariter
1303 2004 1465 2050 odssutye
1493 2008 1627 2039 omnino
1661 2005 1818 2039 libertare
1847 2010 1880 2039 et
1898 2009 1931 2040 in

114 2066 222 2109 primo
252 2063 461 2097 dominorum
493 2067 582 2096 terre
610 2063 765 2097 Moravie
795 2064 973 2108 oolloq11i0‚
1004 2063 1079 2096 dum
1111 2063 1221 2097 tabule
1249 2066 1350 2110 ipsius
1380 2069 1469 2098 terre
1498 2065 1619 2099 suerint
1648 2071 1776 2111 aperte,
1806 2078 1824 2099 a
1845 2067 1932 2100 dicto

115 2122 252 2169 Hussye
281 2128 313 2156 et
342 2126 410 2157 suis
440 2123 620 2157 heredibus
650 2129 681 2158 et
710 2127 778 2158 suis
808 2127 923 2158 amicis
952 2135 991 2157 ac
1020 2123 1060 2157 ab
1090 2124 1243 2158 omnibus
1273 2125 1356 2169 aliis,
1386 2129 1412 2159 si
1442 2125 1560 2171 quibus
1588 2126 1708 2160 fuerint
1739 2126 1931 2161 intabulata.

115 2183 313 2217 extabulare
342 2188 375 2217 et
403 2184 490 2218 dieto
520 2184 654 2218 domino
675 2184 832 2218 Jessconi
851 2184 996 2219 Pusscze
1026 2190 1059 2219 et
1086 2188 1154 2219 suis
1183 2185 1365 2219 heredibus
1394 2186 1579 2221 intabulare
1608 2190 1699 2221 omni
1719 2188 1930 2233 negligencia
1951 2200 1985 2223 31.

117 2249 259 2278 remota.
308 2244 403 2285 Quod
433 2248 460 2278 si
487 2256 554 2278 non
582 2244 763 2279 fecerimus
793 2256 852 2279 seu
882 2245 1002 2290 aliquid
1032 2249 1272 2291 premissorum
1302 2246 1485 2292 adimplere
1514 2248 1778 2292 neglexerimus,
1809 2253 1933 2282 extunc

117 2315 198 2338 mox
235 2304 300 2338 duo
339 2315 383 2338 ex
419 2304 515 2339 nobis
552 2304 814 2349 fideiussoribus‚
849 2308 904 2351 qui
933 2317 993 2351 per
1022 2306 1142 2339 dictum
1172 2306 1339 2339 dominum
1368 2307 1568 2341 Jessconem
1598 2312 1653 2341 aut
1681 2319 1760 2342 suos
1789 2308 1932 2343 heredes

117 2367 232 2399 moniti
269 2365 393 2399 fuerint
429 2370 484 2398 aut
520 2369 683 2411 requisiti7
720 2378 804 2400 unus
834 2367 933 2400 alium
961 2377 1027 2400 non
1057 2366 1268 2412 expectando
1306 2378 1369 2401 nec
1408 2378 1444 2401 se
1482 2379 1543 2413 per
1576 2368 1712 2403 alterius
1741 2369 1933 2403 absenciam

116 2426 314 2459 excusando
344 2437 403 2460 seu
432 2437 533 2472 super
557 2426 656 2460 alium
678 2426 939 2460 demonstrando
961 2426 1098 2472 quilibet
1116 2429 1260 2472 propriis
1280 2430 1311 2460 in
1332 2431 1486 2473 personis
1507 2433 1562 2462 aut
1582 2429 1736 2463 clientem
1758 2430 1932 2464 militarem

118 2485 194 2519 loco
231 2488 283 2519 sui
321 2497 396 2520 cum
434 2497 499 2520 uno
536 2486 662 2521 famulo
700 2493 732 2521 et
770 2487 898 2521 duobus
936 2490 1030 2532 equis
1058 2486 1245 2531 obstagium
1276 2487 1420 2521 debitum
1451 2493 1483 2522 et
1511 2494 1707 2523 consuetum
1737 2493 1769 2523 in
1799 2492 1934 2524 civitate
1953 2500 1987 2523 εις»

119 2544 305 2580 Olomuncz
342 2546 382 2580 ad
423 2546 555 2580 domum
590 2546 723 2581 honesti
760 2547 901 2593 hospitis
939 2546 1034 2580 nobis
1064 2546 1355 2582 demonstrandam
1385 2548 1449 2582 fide
1479 2560 1542 2594 qua
1571 2549 1633 2583 sibi
1662 2553 1874 2595 promisimus
1904 2555 1935 2584 et

119 2609 342 2651 promittimus
371 2606 560 2641 subintrare
589 2612 622 2641 et
650 2619 783 2653 parare,
822 2606 942 2641 abinde
970 2618 1037 2641 non
1066 2610 1186 2641 exituri
1215 2608 1325 2653 aliquo
1354 2611 1426 2642 iure
1456 2609 1511 2643 vel
1539 2621 1640 2643 causa
1669 2614 1838 2656 proposita
1869 2615 1932 2644 tam

119 2665 186 2710 diu9
216 2677 389 2713 quousque
418 2667 568 2713 predicta
596 2666 683 2701 bona
713 2679 788 2701 cum
817 2670 885 2701 suis
915 2670 1130 2714 pertinenciis
1160 2668 1269 2702 eidem
1298 2669 1432 2703 domino
1452 2668 1609 2704 Jessconi
1629 2669 1774 2704 Pusscze
1803 2675 1835 2705 et
1865 2674 1933 2704 suis
