2421 3064
968 219 1180 253 1:369-1370
1905 214 1974 247 105

234 315 349 366 124.
1424 334 1520 367 1369
1551 335 1685 376 ,41191ιεί
1718 333 1762 366 15)
1793 334 1922 367 Braeinu.

165 405 358 448 Mar-hyras
379 404 516 438 Johame
545 405 615 447 ,qim
644 408 738 438 scine
768 405 1011 447 Zush'mmmay.
1043 405 1125 437 dass
1146 403 1326 437 Elisabeth
1358 405 1411 436 alie
1442 403 1560 436 Ηῖίηψ
1590 403 1720 436 Hiueos
1751 416 1812 435 rou
1837 404 1975 436 tltlmrl

166 466 234 509 auf
265 465 340 498 ihre
370 464 555 507 Erbffl'ller.
596 466 650 498 die
679 467 730 498 sie
755 468 814 509 fui·
844 465 897 498 iler
927 464 1132 507 Heirulsyut
1163 477 1224 497 rou
1255 464 1330 497 250
1361 464 1462 497 Mart·
1500 466 1575 497 imm
1613 464 1719 496 hatte.
1760 476 1799 497 zu
1830 464 1974 497 Hamlcu

485 525 577 558 {lu-es
607 525 763 559 Bruders
791 525 969 559 Juleaunes
1002 537 1064 558 ron
1096 525 1273 558 Lediem'lz-
1305 525 1497 557 rerz-icltleu
1527 524 1647 557 hmine.

319 594 498 642 Johannes
528 608 579 641 dei
600 612 714 653 gracia
746 608 895 642 marchio
916 607 1082 642 Moravie.
1116 607 1236 641 Notum
1267 607 1407 640 facimus
1437 610 1615 640 universis.
1646 606 1790 640 nobilem
1813 606 1974 640 Elizabet.
2013 619 2028 640 .·,

164 668 312 702 relictam
343 668 510 714 quondam
540 668 714 713 Hynconis
743 669 784 702 ‹le
813 668 932 713 llobzy
961 669 1038 701 dicti
1068 668 1108 701 de
1134 667 1343 713 Rzyedhost.
1374 667 1469 701 nobis
1500 668 1665 701 liumiliter
1696 668 1911 712 supplicasse.
1943 673 1972 699 ut

163 729 272 763 eidem
311 729 353 762 ad
382 729 524 762 dandum
563 734 595 762 et
626 729 930 763 remnincciandum
973 728 1212 762 hereditatibus
1251 731 1318 761 suis
1356 732 1387 761 et
1419 727 1564 761 dominio
1605 731 1750 773 ipsorum
1791 731 1821 761 in
1858 739 1973 761 manus

164 789 283 824 nobilis
312 788 474 823 Johannis
513 789 553 822 ‹le
584 789 773 835 Ledyenicz
803 789 915 823 fratris
946 793 1047 835 ipsius
1084 789 1204 822 ibidem
1244 791 1273 822 in
1304 788 1436 834 Hobzy.
1475 800 1556 833 quas
1587 791 1722 821 racione
1751 791 1799 822 sui
1831 788 1973 822 dotalicii

163 850 322 885 videlicet
350 850 566 883 ducentarum
598 853 835 895 qninquaginta
866 861 1055 884 marcarum
1086 860 1282 894 grossorum
1313 849 1526 882 denariorum
1558 848 1775 892 Pragensinni
1806 860 1822 882 a
1844 848 1974 894 prefato

164 910 331 957 Hyncone
360 910 468 944 felicis
502 910 753 944 recordacionis
792 911 868 945 olim
909 914 1027 945 marito
1066 913 1169 956 ipsius
1207 910 1416 954 dignoscitur
1453 908 1589 942 habere.
1629 912 1716 954 pium
1755 909 1973 955 preberemus

163 981 350 1006 assensum.
381 971 529 1012 Quarum
550 982 611 1004 nos
640 974 742 1016 ipsius
772 977 803 1005 et
824 972 1001 1005 inultorum
1024 970 1205 1017 proborum
1228 969 1383 1016 precibus
1404 970 1549 1003 inclinati
1572 970 1752 1014 predictam
1776 973 1972 1015 peticionem

163 1037 330 1077 tamquam
361 1034 481 1065 iustam
511 1036 542 1065 et
563 1031 814 1071 racionabilem.
844 1037 1001 1077 qnantum
1033 1032 1074 1065 de
1094 1035 1166 1065 iure
1196 1034 1373 1077 potuimus.
1404 1032 1559 1064 duximus
1580 1030 1827 1064 admittendam.
1859 1030 1973 1063 dantes

161 1092 223 1127 sibi
243 1097 455 1139 potestatem,
485 1097 642 1138 quantum
664 1095 743 1126 iuris
765 1093 845 1126 (lare
867 1097 1070 1139 poteramus.
1100 1092 1229 1138 prefata
1250 1090 1369 1137 [bona]
1390 1094 1421 1124 in
1443 1090 1562 1136 Hobzy
1582 1102 1641 1123 seu
1662 1093 1722 1125 ius,
1754 1090 1840 1135 quod
1863 1091 1970 1123 eidem

160 1153 283 1188 ibidem
313 1158 507 1199 competere
536 1154 667 1189 dicitur.
701 1154 831 1199 prefato
860 1153 1005 1187 ,Iohanni
1046 1152 1139 1186 fratri
1169 1155 1270 1198 ipsius
1300 1152 1397 1186 dandi
1436 1157 1467 1185 et
1497 1155 1527 1184 in
1559 1154 1664 1197 ipsum
1696 1151 1875 1184 dominium
1906 1161 1971 1183 eo-

164 1214 305 1248 rundem
334 1213 497 1248 bonorum
529 1214 752 1248 transferendi
792 1219 823 1247 et
852 1218 883 1247 in
914 1217 1070 1259 proximo
1099 1218 1215 1247 nostro
1245 1213 1399 1247 concillio
1438 1215 1469 1246 in
1499 1212 1626 1245 tabulas
1665 1215 1768 1245 nostri
1798 1211 1972 1244 marchio-

160 1279 257 1308 natus
286 1273 500 1308 intabulandi.
545 1274 580 1307 Si
610 1286 670 1320 per
699 1278 804 1320 ipsum
834 1274 1021 1308 Jobannein
1063 1274 1104 1308 de
1133 1274 1322 1319 Ledyenicz
1351 1278 1407 1306 aut
1435 1273 1590 1318 aliquem.
1630 1276 1681 1306 cui
1712 1273 1796 1305 dicta
1827 1272 1912 1305 bona
1942 1275 1972 1305 in

160 1335 281 1381 Hobzy
309 1340 383 1369 sunt
412 1335 601 1377 venditura.
633 1335 739 1372 litere.
783 1346 866 1380 quas
904 1346 921 1368 a
950 1335 1083 1380 prefato
1112 1335 1278 1380 Hyncone
1321 1334 1362 1367 de
1390 1333 1510 1379 Hobzy
1548 1333 1654 1367 felicis
1684 1336 1845 1366 memorie
1874 1344 1973 1378 super

161 1398 351 1430 municione
388 1395 509 1429 ibidem
548 1398 579 1428 in
609 1395 728 1440 Ilobzy
766 1395 940 1438 habemus.
981 1407 1085 1441 usque
1123 1395 1162 1428 ad
1193 1395 1313 1428 festum
1342 1397 1524 1428 nativitatis
1553 1393 1650 1427 beate
1678 1393 1784 1427 Mai-ie
1820 1396 1973 1438 proxime

160 1460 339 1490 venturum
369 1455 464 1489 nobis
503 1460 666 1489 renovate
704 1467 768 1489 non
798 1456 932 1489 fuerint.
974 1459 1082 1489 onmia
1122 1456 1175 1489 hic
1211 1445 1365 1489 contenta
1395 1455 1552 1488 volumus
1591 1465 1656 1487 non
1686 1453 1813 1486 valere.
1862 1453 1971 1497 Sigilli

160 1518 265 1550 nostri
295 1519 502 1562 appensione
532 1519 705 1562 presencia
736 1516 937 1549 roborando.
987 1516 1107 1550 Datum
1144 1516 1268 1550 Brune.
1307 1526 1394 1548 anno
1433 1515 1556 1548 domini
1595 1514 1788 1548 millessimo
1827 1518 1970 1547 trecen-

160 1579 297 1610 tessimo
326 1579 544 1622 sexagesimo
573 1587 673 1616 110110,
713 1577 765 1610 die
796 1577 962 1610 dominico
999 1576 1084 1610 infra
1114 1581 1253 1609 octavas
1287 1578 1531 1620 assumpcionis
1569 1574 1666 1608 beate
1695 1574 1801 1608 Marie
1829 1577 1970 1618 virginis

158 1637 320 1682 gloriose.

471 1706 558 1742 01'1'31..
584 1707 673 1741 Pery..
698 1707 789 1741 Nieqel
813 1716 848 1732 nn
876 1707 1002 1733 l’l‘essel:
1042 1709 1059 1738 ἢ·
1085 1706 1248 1733 SECRET:
1274 1706 1396 1732 IOHIS:
1422 1705 1681 1732 MARCHIUNIS:
1708 1705 1896 1732 MORAVIE,
1922 1705 1973 1729 (les

576 1759 734 1785 uniltrisdw
767 1759 864 1784 Azllrr.
895 1775 936 1777 —
968 1759 1127 1795 lt'itliuyuu.
1157 1758 1252 1791 ἴηνα-ΙΙ.
1279 1758 1608 1793 Seliica1·:-‹¹11herqis‹-lees
1634 1758 1748 1783 Art-(tir.
1782 1756 1856 1782 Fam.
1883 1756 1974 1781 Hvbze'

576 1812 633 1836 und
658 1811 834 1836 Hadnstnriv.

232 1902 1512 1954 125.137()
1541 1920 1641 1953 Μαι-ῖ-
1670 1920 1715 1953 31
1751 1920 1917 1953 lsrumcm.

161 1991 275 2034 Peter.
309 1991 426 2025 Ulre'ch
457 1994 524 2026 und
542 1992 680 2025 Jolamn
713 2004 774 2025 ron
798 1991 1002 2034 Roseubery
1036 1991 1263 2035 rei-spreelteu
1285 1990 1441 2024 Benescle
1474 2002 1536 2023 cun
1561 1990 1713 2022 Kraww·
1739 1991 1797 2033 fm-
1822 1991 1968 2033 elecaiqe

203 2051 375 2094 Selea'den.
419 2052 476 2085 die
505 2052 570 2085 ihm
600 2064 664 2085 aas
693 2053 754 2085 dei·
783 2054 850 2096 auf
873 2052 947 2085 ihre
981 2051 1094 2085 Buten
1126 2051 1309 2084 Meinlzard
1339 2062 1399 2083 rou
1430 2050 1595 2083 Xeuleaus
1623 2050 1819 2093 (seyemlber
1849 2052 1927 2083 eile-

457 2124 680 2157 (Jefflmyeuen
721 2112 971 2157 t=‘'e1·pslielet‹1119
1003 2112 1202 2145 ενα-(16113911
1232 2112 1366 2145 sollten.
1397 2110 1667 2155 aasz-ulmnunen.

315 2181 398 2230 Nos
428 2195 557 2231 Petrus.
587 2195 720 2230 [lricus
750 2200 781 2228 et
810 2195 982 2228 Joliannes
1023 2194 1062 2227 de
1093 2194 1325 2227 Rosembercli
1355 2194 1394 2227 ad
1425 2197 1658 2227 universorum
1698 2196 1853 2227 noticiam
1884 2204 1965 2238 pre-
1988 2201 2003 2225 3

160 2257 308 2291 sentibus
346 2257 501 2290 volumus
537 2256 710 2296 devenire,
750 2256 849 2300 quod.
889 2257 963 2299 quia
1003 2254 1122 2288 nobilis
1160 2255 1312 2288 dominus
1342 2254 1567 2287 Benesscbius
1607 2253 1646 2286 de
1686 2252 1827 2286 Crawar
1864 2254 1970 2287 frater

159 2322 274 2351 noster
302 2318 342 2351 ad
362 2322 510 2351 nostram
540 2319 753 2362 peticionem.
784 2318 1042 2360 requisicioncm
1074 2319 1105 2348 et
1125 2318 1321 2348 instanciam
1353 2315 1492 2359 quedam
1523 2317 1685 2359 promissa
1706 2313 1808 2347 nobili
1835 2314 1968 2347 domino

159 2377 358 2412 Meinhardo
389 2377 430 2411 de
458 2377 658 2411 Novadmno
697 2377 848 2410 similiter
886 2376 977 2409 fratri
1019 2380 1132 2408 nostro
1171 2379 1238 2409 suis
1277 2375 1463 2421 patentibus
1502 2375 1617 2408 litteris
1658 2378 1758 2419 ipsius
1789 2377 1968 2408 munimine

160 2438 344 2483 sigillorum
375 2438 512 2471 firmatis
541 2449 578 2472 se
606 2438 818 2482 impleturum
847 2439 1013 2470 astrinxit.
1046 2435 1120 2469 ideo
1150 2447 1212 2469 nos
1242 2439 1462 2481 promittimus
1493 2440 1604 2468 nostra
1635 2438 1765 2468 sincera
1795 2434 1858 2468 fide
1879 2446 1967 2479 qua-

161 2498 239 2532 libet
277 2501 568 2543 tergiversacione
610 2502 737 2532 semota
776 2502 807 2531 et
837 2500 956 2542 quovis
1000 2498 1128 2541 quesito
1173 2501 1327 2530 cessante
1369 2496 1483 2529 colore
1527 2499 1589 2528 iam
1633 2495 1755 2529 dictum
1799 2495 1965 2528 dominum

161 2558 404 2593 Benesschium
443 2570 460 2591 a
499 2559 661 2603 dampnis.
705 2561 731 2591 si
769 2568 832 2602 qua
871 2560 1051 2590 occasione
1097 2557 1183 2589 dicte
1221 2556 1441 2601 obligacionis
1485 2559 1723 2601 prinnissorum
1764 2558 1965 2600 perciperet.

160 2619 302 2653 reddere
332 2619 459 2652 illesum
490 2623 522 2652 et
550 2621 729 2652 immunem
760 2623 790 2651 et
817 2629 857 2651 ea
887 2618 1028 2662 dampna
1059 2628 1124 2651 non
1154 2621 1184 2650 in
1215 2621 1320 2662 ipsum
1351 2618 1409 2650 sed
1440 2620 1470 2650 in
1501 2628 1560 2650 nos
1583 2617 1736 2650 volumus
1767 2616 1965 2650 redundare.

160 2680 197 2714 In
235 2683 328 2713 cuius
366 2682 415 2712 rei
453 2682 677 2713 testimonium
717 2684 747 2712 et
786 2679 995 2711 evidenciam
1042 2678 1226 2723 pleniorem
1269 2678 1375 2723 sigilla
1412 2683 1523 2711 nostra
1563 2678 1773 2722 presentibus
1813 2677 1966 2709 duximus

1815 2744 1845 2767 14

1997 921 2029 943 1t)

1995 1222 2026 1245 15,

1992 1523 2025 1548 210
