2421 3064
1046 249 1130 281 137ss
1916 247 1989 280 137

250 343 364 393 166.
1372 366 1508 409 [1376]
1536 366 1674 400 Jamtar
1703 366 1749 400 25
1780 366 1935 401 Briimz¹.

181 429 372 475 Marquaf
393 430 506 464 Jodoh·
535 431 736 477 bellasti-ayt
765 434 820 467 die
852 434 1015 468 Beamten
1047 435 1108 468 der
1139 434 1299 468 Briltmer
1330 436 1438 469 leu.
1478 436 1550 468 dem
1582 435 1926 479 Anqastinerlfloster
1954 437 1986 469 in

382 490 503 524 Brimn
534 493 589 525 ‹le‘e
620 492 752 538 Do'rfer
782 493 925 528 Pratsele
957 495 1024 529 and
1054 494 1184 528 Tostitz
1213 496 1245 528 in
1276 496 1330 528 die
1360 495 1548 540 Landlasel
1575 496 1785 540 εἰη-11119611.

340 559 497 607 Jodocus
527 574 578 608 dei
607 578 722 618 gracia
753 577 903 611 marchio
933 582 964 610 et
993 578 1146 611 dominus
1175 577 1339 612 llloravie.

335 633 469 669 Fideles
499 635 619 669 dilecti.
651 635 772 670 Vestro
801 637 948 671 fidelitati
977 637 1188 683 presentibus
1213 642 1448 673 committimus
1478 643 1618 682 seriose,
1649 645 1810 685 quatenus
1833 642 1984 673 honora—

175 693 293 728 bilibus
322 699 405 730 viris
436 723 442 730 .
475 722 481 728 .
512 700 615 742 priori
653 702 683 731 et
715 725 721 730 .
755 725 761 731 .
793 702 972 732 conventui
1012 702 1205 733 monasterii
1243 711 1332 734 nove
1368 704 1482 734 nostre
1520 700 1729 734 fundacionis
1767 703 1799 734 in
1828 699 1984 746 preurbio

175 755 377 799 Brunnensi,
407 756 533 790 ordinis
563 757 810 792 Heremitarum
840 762 947 793 sancti
976 761 1169 805 Augustini,
1198 760 1313 794 villam
1343 760 1445 794 Pracz
1476 761 1613 794 exclusa
1645 773 1708 794 una
1738 765 1829 794 curia
1859 766 1891 794 et
1920 772 1983 795 una

175 817 348 860 curticula,
378 822 478 851 totam
506 819 618 852 villam
650 819 782 853 Testicz
811 823 962 866 exceptis
991 825 1133 866 quatuor
1161 822 1267 855 laneis
1296 821 1485 855 intabulatis
1515 826 1547 855 et
1576 821 1759 855 intabulare
1789 821 1984 867 disponatis„

173 881 339 923 quamcito
377 883 467 912 terre
509 878 619 913 tabule
661 885 776 925 aperte
819 881 942 915 fuerint
984 884 1058 915 sive
1100 881 1184 915 libri.
1233 882 1352 915 Datum
1393 880 1542 924 Brfinne,
1586 885 1616 915 in
1659 882 1711 915 die
1749 884 1983 916 conversionis

173 941 278 972 sancti
308 938 411 973 Pauli.

1328 985 1391 1019 Per
1420 986 1589 1020 dominum
1617 985 1826 1020 Hechtonem

1490 1046 1660 1080 Nicolaus.

329 1112 485 1146 Adresse
513 1114 580 1156 auf
603 1113 664 1146 der
685 1113 891 1148 Raeti-seire:
933 1114 1105 1149 Nobilibus
1134 1118 1229 1159 viris,
1265 1115 1401 1149 Jesconi
1431 1116 1470 1149 de
1496 1115 1645 1150 Luckaw
1674 1127 1831 1162 supremo
1861 1127 1981 1149 came—-

171 1175 273 1217 rario‚
312 1184 469 1219 supremo
508 1174 665 1207 czudario
704 1179 735 1208 et
774 1179 903 1209 notario
942 1187 1099 1222 supremo
1138 1179 1328 1222 ceterisque
1366 1175 1589 1210 beneficiariis
1627 1177 1732 1210 czude
1761 1176 1979 1219 Brunnensis‚

170 1232 321 1267 fidelibus
349 1237 472 1268 nostris
502 1235 641 1268 dilectis.

480 1304 566 1340 Oriy„
591 1305 655 1340 Pap.
679 1305 732 1337 (21
750 1303 780 1332 ><
797 1306 834 1332 1-1
853 1308 928 1340 (vlu),
953 1309 1000 1332 mil
1017 1307 1157 1340 Pelscluifl
1182 1307 1382 1333 cerscldosseu.
1399 1323 1440 1326 Α
1460 1307 1566 1339 Brutia,
1591 1307 1811 1339 Landesurclzic,
1836 1307 1981 1342 01191)ιυῖ-

584 1358 731 1383 111·Ᾰ”11111Ι1>η
737 1379 743 1384 .

238 1450 1424 1504 167.1376
1453 1471 1611 1504 Febrnar
1639 1471 1686 1504 2?
1717 1470 1920 1515 Sternbery.

168 1536 293 1571 Albert
333 1549 399 1571 con
437 1538 639 1583 Steruberss.
684 1539 835 1584 Bis-cleos
868 1551 930 1573 1011
968 1539 1198 1582 Leitomisehl,
1238 1543 1384 1584 erycinzt
1421 1541 1475 1574 (lie
1512 1540 1790 1584 Beslc‘mmmzyen
1825 1542 1886 1585 fiir
1923 1542 1978 1574 die

294 1598 456 1643 Ordmmy
485 1600 553 1633 und
581 1600 636 1634 die
664 1600 941 1634 Ameirersarien
970 1602 1012 1634 im
1042 1600 1561 1645 Auqnslz'ner—Chorleerrnstift
1590 1602 1621 1634 ιή
1652 1600 1853 1645 Sternbery.

322 1667 406 1716 Nos
434 1681 595 1716 Albertus
626 1683 665 1716 de
695 1682 883 1727 Sternberg
912 1683 963 1717 dei
992 1686 1107 1728 gracia
1136 1683 1427 1717 Luthomuslensis
1456 1686 1645 1730 episcopus.
1684 1682 1805 1717 Notum
1836 1684 1977 1718 facimus

166 1747 283 1776 tenore
311 1746 538 1789 praesentium
576 1746 758 1777 universis.
797 1744 897 1788 quod,
936 1747 1010 1788 quia
1040 1744 1179 1789 pridem„
1219 1744 1293 1778 dum
1333 1744 1441 1778 adhuc
1469 1744 1773 1789 Magdeburgensis
1811 1745 1976 1778 ecclesiae

164 1814 401 1849 praeessemus
430 1808 545 1838 sancto
575 1807 742 1849 regimini,
784 1804 823 1837 ad
855 1804 1015 1838 honorem
1046 1807 1281 1850 omnipotentis
1310 1805 1363 1838 dei
1392 1810 1424 1838 et
1452 1804 1570 1838 beatae
1594 1805 1722 1839 Mariae
1745 1808 1888 1850 virginis
1916 1809 1975 1839 in-

163 1868 348 1898 temeratae
376 1867 551 1909 genitricis
580 1865 728 1899 eiusdem
760 1869 791 1898 et
812 1868 958 1899 oninium
988 1870 1178 1898 sanctorum
1200 1865 1351 1899 similiter
1371 1865 1537 1911 quoddam
1558 1869 1796 1899 monasterium
1827 1869 1974 1900 canoni-

164 1936 279 1959 corum
308 1925 511 1970 regularium
542 1926 667 1959 ordinis
697 1929 800 1959 sancti
824 1926 1006 1970 Augustini
1036 1929 1067 1959 in
1092 1926 1213 1971 oppido
1242 1931 1358 1960 nostro
1379 1926 1567 1971 Sternberg
1596 1926 1637 1960 de
1667 1938 1833 1960 consensu
1862 1939 1972 1961 reve-

161 1986 258 2020 rendi
286 1989 318 2020 in
348 1986 480 2021 Christo
519 1991 622 2032 patris
652 1987 775 2020 domini
804 1987 942 2020 Joanuis
973 1986 1208 2020 Olomucensis
1246 1987 1412 2021 ecclesiae
1442 1990 1589 2033 episcopi
1626 1992 1657 2021 et
1687 1987 1891 2022 honorabilis
1921 1991 1971 2022 sui

163 2047 297 2092 capituli
325 2048 366 2081 de
394 2058 484 2081 novo
514 2048 728 2082 fundavimus
767 2052 799 2081 et
828 2048 935 2081 eidem
966 2048 1006 2081 de
1035 2048 1112 2081 dote
1141 2059 1292 2092 congrua
1321 2048 1528 2094 providimus
1566 2060 1629 2082 nec
1658 2059 1723 2082 non
1754 2048 1909 2082 fratribus
1938 2051 1971 2082 in

163 2107 281 2141 eodem
312 2112 516 2143 monasterio
546 2108 606 2142 sub
636 2109 751 2153 regula
790 2112 896 2142 sancti
926 2108 1107 2153 Augustini
1135 2108 1327 2143 viventibus
1365 2109 1491 2154 aliquas
1520 2109 1755 2143 observantias
1794 2113 1825 2142 et
1856 2109 1972 2142 modos

162 2169 333 2203 serviendi
362 2169 426 2203 deo
455 2172 670 2211 iniunximus,
708 2175 805 2215 prout
836 2169 898 2203 hoc
927 2168 1023 2203 nobis
1052 2173 1215 2203 creatoris
1244 2169 1393 2203 altissimi
1421 2172 1528 2214 gratia
1558 2172 1744 2215 inspiravit,
1774 2172 1859 2203 sicut
1887 2169 1972 2203 haec

161 2232 271 2263 omnia
300 2233 334 2264 in
361 2229 558 2275 quibusdam
587 2229 869 2276 praecedentibus
899 2235 963 2263 tam
993 2233 1129 2264 nostris.
1168 2241 1265 2275 quam
1296 2230 1454 2264 antedicti
1491 2230 1614 2264 domini
1652 2233 1800 2276 episcopi
1839 2235 1871 2264 et
1899 2233 1969 2264 eius

161 2291 295 2336 capiuli
323 2291 428 2325 literis
457 2291 576 2325 melius
614 2295 646 2325 et
675 2291 798 2324 clarius
828 2293 1051 2333 continentur7
1094 2295 1210 2336 postea
1249 2295 1373 2334 tamen„
1411 2294 1495 2324 sicut
1533 2295 1639 2324 tractu
1669 2294 1828 2336 temporis
1859 2291 1968 2324 divina

161 2354 334 2385 maiestate
362 2351 561 2398 disponente
590 2354 696 2385 maior
725 2354 869 2385 accessit
898 2351 1045 2394 devoli0‚
1080 2351 1240 2396 plenioris
1269 2354 1366 2385 etiam
1398 2351 1648 2385 deliberationis
1669 2351 1852 2385 accedente
1881 2362 1969 2385 con-

159 2412 233 2446 silio
261 2423 322 2458 pro
351 2416 501 2458 gratiore
530 2417 563 2446 et
590 2412 752 2458 ampliore
783 2412 885 2446 divini
914 2412 1021 2445 cultus
1050 2416 1231 2456 augmento
1260 2423 1348 2445 nova
1387 2412 1549 2457 quaedam
1578 2411 1752 2446 veteribus
1782 2412 1968 2446 adiicienda

159 2476 362 2517 censuimus,
392 2484 531 2519 quorum
560 2478 658 2507 tenor
686 2473 826 2506 inferius
855 2477 1043 2506 annotatur.

313 2534 468 2580 Inprimis
497 2534 658 2579 siquidem
688 2534 893 2567 ordinamus.
931 2533 1135 2578 disponimus
1165 2537 1197 2566 et
1225 2532 1390 2573 volumus,
1429 2533 1517 2578 quod
1551 2536 1582 2566 in
1611 2533 1730 2566 eodem
1760 2535 1964 2567 monasterio
1986 2540 2001 2565 3

158 2598 274 2629 nostro
311 2598 343 2628 in
383 2594 583 2639 Sternberg,
626 2594 680 2628 ubi
718 2597 808 2639 prius
848 2605 891 2627 ex
921 2595 1027 2628 veteri
1064 2593 1273 2627 ordinatione
1310 2598 1424 2627 nostra
1463 2593 1651 2638 quindecim
1688 2604 1763 2627 esse
1802 2592 1967 2627 debebant

314 2689 333 2719 ¹)
355 2688 407 2711 Das
427 2687 494 2711 Jnhr
521 2687 600 2719 eryibl
625 2687 678 2711 sich
706 2696 753 2710 aus
779 2687 823 2710 der
843 2687 1006 2719 Eintraqunq
1033 2688 1059 2709 in
1085 2686 1125 2710 die
1145 2686 1264 2709 Branner
1284 2662 1433 2717 Lcmdtasel⁶
1446 2686 1486 2715 Vl,
1513 2686 1631 2710 nra-389:
1664 2686 1711 2719 191.
1736 2687 1801 2710 auch
1824 2686 1883 2710 Cozl.
1904 2686 1965 2718 dipl.

157 2731 257 2755 Moram.
270 2731 316 2760 XI,
334 2739 361 2764 p.
374 2731 416 2760 20,
435 2740 475 2757 nr.
489 2732 530 2754 20.

1829 2782 1859 2805 1⁵*

2004 952 2035 977 10

2002 1245 2034 1271 15

1989 2238 2023 2264 30
