2421 3064
988 205 1072 237 1:390
1860 198 1934 233 269

119 302 210 336 ribus
248 302 379 347 plenam
409 302 525 335 damus
555 307 753 347 potestatem
784 313 843 348 pro
873 305 952 348 ipsis
981 303 1143 348 dampnis,
1187 308 1282 348 prout
1315 314 1350 335 se
1380 303 1575 339 extendunt,
1621 308 1742 336 tantam
1774 314 1935 336 summam

120 365 262 409 pecunie
301 365 453 407 recipere
487 365 573 396 inter
600 362 725 396 Judeos
755 367 809 396 aut
839 362 1046 396 Christianos
1076 367 1188 396 nostra
1220 366 1364 396 omnium
1396 364 1570 397 insolidum
1600 374 1702 409 super
1732 363 1873 408 dampna
1905 368 1936 396 et

119 435 136 456 a
160 422 247 456 dicto
272 421 426 467 obstagio
446 434 608 468 nusquam
631 423 725 457 nobis
746 423 992 465 recedentibus,
1024 423 1131 456 donec
1152 426 1260 456 omnia
1282 428 1315 456 et
1335 425 1463 468 singula
1486 424 1625 469 dampna
1648 427 1780 468 integre
1802 423 1937 468 persol-

119 486 269 517 verimus
307 487 339 516 et
375 482 415 516 ad
454 484 600 528 plenum.
650 484 865 517 Prcsencium
902 486 1026 517 nostris
1064 482 1124 516 sub
1163 486 1321 528 appensis
1359 484 1476 527 sigillis
1514 487 1705 517 testimonio
1740 484 1936 517 litterarum.

120 543 240 577 Datum
261 543 391 589 Rayez,
421 544 503 577 feria
534 547 643 589 quinta
675 549 749 590 post
778 545 898 578 festum
927 547 1032 578 sancti
1054 543 1218 589 ProcopiL
1249 554 1335 576 anno
1365 544 1486 577 domini
1514 545 1686 578 millesimo
1708 546 1937 577 tricentesimo
1976 549 1992 570 ἴ»

120 606 355 648 nonagesimo.

433 682 519 716 Ori-q..
547 683 635 718 Pery..
662 692 672 708 s
703 692 738 708 ηιι
765 683 890 709 l’resselu
917 684 1065 718 litiiiyeiide
1088 684 1196 718 Sieycl:
1246 682 1275 715 l)
1302 682 1454 716 Uziisvlirif!
1479 684 1666 710 nnlsenntlzrli,
1698 684 1850 718 qelmrnler
1870 682 1945 717 Inops

539 736 609 760 nar-h
636 736 727 761 reclus
751 737 913 769 amenitatem
939 737 971 767 2)
987 735 1007 770 η’*
1024 736 1051 762 S.
1071 734 1288 761 WANKoNJS
1314 746 1321 752 ·
1350 735 1375 759 Ι)
1402 746 1409 753 ·
1440 735 1664 765 ssozcovisfz,
1693 735 1808 767 'imnum
1834 736 1869 767 3)
1886 744 1940 760 un-

538 787 695 815 hennum-h:
736 788 767 819 J)
792 787 811 822 ἦ·
837 789 863 814 S.
893 788 1089 814 iiVSCoNIS.
1116 788 1152 813 Ῐ).
1178 786 1358 813 MVSTICZ.
1392 786 1479 820 Fluy:
1517 787 1551 823 ⁵⁷)
1579 787 1730 819 smsrhrfflt
1762 787 1941 813 malesei-[idn

542 839 629 864 Lilia.-
669 838 704 871 6)
723 860 728 865 .
749 861 753 865 .
774 860 779 865 .
799 840 832 864 l).
860 839 1125 867 LELEFOWICZ,
1158 839 1220 864 131·ch
1251 840 1302 863 'iris’
1334 839 1376 864 bei
1412 838 1449 871 Ι,-
1490 840 1523 869 7)
1563 855 1566 869 ,
1607 840 1634 866 S.
1663 839 1878 866 [iicttStCtiIS.
1905 840 1940 865 I).
1963 838 1994 861 Ἠ)

540 891 731 917 LELEUOV.
764 891 826 916 Rslrl
857 894 907 917 trie
938 892 981 917 bei
1016 892 1039 918 1.
1079 892 1154 925 ltopf
1181 891 1251 917 nar-lt
1284 891 1357 917 [iuli-s
1390 892 1544 925 yemelidel.
1586 908 1617 910 ψ
1648 892 1807 925 tt'illinqau.
1847 892 1942 924 [ιιι-31].

542 942 875 977 Srliirarz-enherssisrlit’s
908 944 1011 970 Ara-laic
1039 943 1071 971 ΙΙ.
1097 944 1167 971 375,
1193 952 1237 969 nr.
1258 942 1285 968 1.

198 1097 313 1146 307.
1293 1115 1392 1148 1390
1420 1116 1557 1159 Anqust
1587 1115 1605 1148 7
1637 1115 1888 1158 Sclzsmmlmrss.

128 1183 281 1227 Bischof
312 1184 480 1217 A'e'lfolaus
520 1195 581 1217 1·οη
625 1184 757 1217 Olmiltz-
794 1184 980 1218 rerlfe'mdet
1017 1185 1079 1218 den
1120 1184 1391 1228 Schiedsspruele
1431 1186 1464 1217 ἱη,
1500 1184 1573 1217 dem
1604 1184 1736 1217 Streite
1775 1184 1942 1217 z-wisehen

135 1242 182 1278 W
180 1244 292 1277 οῖίρσΙι
328 1255 392 1277 ron
431 1244 708 1288 Partseliemlorf
740 1245 807 1277 nm!
843 1243 985 1278 It'enzel
1022 1256 1084 1278 ron
1120 1245 1259 1279 Iseltscle
1299 1257 1414 1289 weyen
1444 1245 1676 1289 Besitz-meqen
1716 1247 1746 1278 in
1787 1245 1940 1278 Kellscle.
1965 1251 1996 1275 17»

285 1313 459 1362 Nicolaus
483 1332 547 1360 etc.
578 1327 835 1361 notumfaeimus
865 1332 942 1365 eth
981 1327 1069 1372 quod
1099 1339 1172 1361 cum
1202 1328 1329 1373 pridem
1369 1331 1456 1361 inter
1484 1327 1613 1362 fidelem
1644 1332 1793 1361 nostrum
1824 1328 1944 1373 Woy—

127 1387 281 1422 cechium
321 1387 362 1421 de
391 1387 611 1421 Paczendorll'
645 1399 689 1421 ex
727 1399 789 1421 una
828 1399 867 1421 ac
896 1388 1136 1421 Wenceslaum
1167 1388 1326 1421 clericum
1357 1389 1397 1422 de
1427 1388 1528 1422 Gelcz
1558 1393 1651 1434 parte
1680 1399 1725 1422 ex
1753 1389 1814 1421 alia
1845 1400 1947 1434 super

129 1449 271 1494 quadam
301 1451 392 1482 curia
423 1460 496 1481 eum
527 1451 595 1482 suis
625 1451 842 1493 pertinenciis
871 1452 1001 1482 iacente
1031 1453 1107 1482 ante
1137 1449 1268 1494 opidum
1299 1454 1449 1482 nostrum
1472 1448 1573 1482 Gelcz
1595 1454 1666 1483 orta
1688 1448 1786 1482 fuerit
1807 1452 1945 1482 materia

129 1511 327 1555 questioniS‚
370 1521 471 1555 super
508 1520 571 1555 qua
612 1520 672 1555 per
710 1509 845 1543 eosdem
885 1509 925 1543 de
959 1514 1075 1542 nostro
1112 1510 1248 1555 speciali
1279 1521 1444 1543 consensu
1474 1515 1612 1556 propter
1640 1510 1762 1543 bonum
1793 1513 1885 1555 pacis
1914 1513 1947 1543 in

132 1570 248 1604 tideles
284 1575 418 1604 nostros
448 1570 614 1603 Dirslaum
656 1570 695 1603 de
726 1569 949 1603 Czechowicz
986 1574 1018 1603 et
1046 1570 1258 1604 Luczkonem
1294 1570 1334 1603 de
1365 1569 1526 1604 Ruskeho
1556 1575 1711 1615 tanquam
1742 1573 1773 1603 in
1803 1570 1947 1604 arbitros
1967 1579 2000 1603 -20

130 1643 192 1665 seu
220 1631 413 1665 amicabiles
443 1634 688 1676 compositores·
718 1631 758 1664 de
787 1631 852 1664 alto
882 1635 913 1664 et
935 1630 1033 1664 basso
1055 1631 1244 1664 voluntarie
1265 1630 1364 1664 fuerit
1384 1634 1673 1676 compromissum.
1705 1631 1768 1672 Qui
1791 1631 1923 1675 quidem
1936 1634 1947 1645 ³¹

131 1691 247 1726 arbitri
285 1691 407 1725 auditis
445 1694 590 1737 ipsarum
627 1694 774 1737 parcium
805 1691 930 1725 iuribus
961 1693 1036 1724 hine
1066 1691 1141 1725 inde
1171 1702 1284 1725 coram
1315 1691 1411 1725 nobis
1440 1694 1768 1737 pronuncciaverunt
1800 1694 1831 1724 in
1862 1691 1948 1725 bunc

133 1753 286 1787 modum:
318 1753 404 1798 quod
434 1752 749 1797 ipseWVenceslaus
779 1753 859 1786 dare
888 1752 1025 1785 deberet
1056 1757 1088 1785 et
1116 1755 1292 1796 assignare
1322 1763 1397 1785 cum
1426 1752 1545 1785 effectu
1571 1755 1633 1797 ipsi
1653 1752 1868 1797 W⁷oycecliio
1893 1757 1948 1785 aut

132 1813 228 1847 fratri
266 1824 326 1847 suo
355 1812 510 1846 Jaroslao
547 1813 603 1847 vel
641 1824 756 1847 eorum
792 1812 970 1847 heredibus
998 1815 1118 1857 viginti
1148 1824 1278 1846 marcas
1307 1824 1505 1857 grossorum
1535 1813 1754 1857 Pragensium
1783 1812 1948 1846 Moravici

132 1877 263 1908 numeri
302 1878 334 1907 et
371 1877 561 1919 pagamenti
590 1873 676 1907 infra
711 1873 787 1907 hinc
817 1878 848 1907 et
877 1874 999 1907 festum
1028 1876 1134 1907 sancti
1162 1873 1359 1906 Wenceslai
1388 1876 1541 1919 proxime
1571 1873 1738 1908 futurum:
1768 1878 1799 1906 et
1828 1876 1854 1906 si
1884 1884 1949 1907 non
1989 1880 1997 1891 ⁷

134 1939 250 1981 posset
278 1935 414 1968 solvere
445 1934 516 1967 illas
537 1937 656 1979 viginti
687 1945 818 1967 marcas
847 1934 932 1967 infra
962 1933 1081 1967 festum
1111 1937 1217 1967 sancti
1239 1933 1433 1967 Wenceslai
1454 1938 1488 1967 ut
1508 1934 1688 1979 prefertur,
1719 1938 1843 1967 extunc
1864 1934 1949 1967 infra

134 2006 236 2029 unum
267 2006 388 2028 anuum
418 2006 436 2028 a
456 1994 542 2029 festo
572 1998 678 2028 saneti
698 1994 894 2028 Wenceslai
922 1994 1113 2028 immediate
1137 1999 1328 2028 secuturum
1351 1995 1486 2028 solvere
1507 1999 1621 2039 posset
1641 1998 1672 2027 et
1695 1993 1833 2028 deberet
1853 1994 1952 2028 XXII

136 2066 268 2089 marcas
296 2066 437 2089 numero
466 2055 680 2100 supradictog
710 2060 742 2089 et
770 2058 798 2089 si
825 2066 892 2088 non
921 2059 1035 2100 posset
1064 2054 1149 2088 infra
1179 2066 1278 2088 unum
1300 2066 1420 2088 annum
1442 2059 1476 2088 ut
1501 2055 1670 2100 prefertur
1689 2055 1825 2089 solvere
1846 2056 1950 2089 dictas

135 2115 234 2151 XXII
254 2127 397 2158 marcas,
419 2120 545 2150 extunc
564 2115 695 2150 XXIIII
716 2127 847 2150 marcas
867 2127 1064 2160 grossorum
1082 2116 1217 2149 solvere
1239 2115 1378 2149 deberet
1399 2116 1494 2149 dictis
1511 2116 1726 2162 IVoycechio
1747 2121 1780 2150 et
1796 2115 1949 2150 Jaroslao

135 2176 192 2211 vel
221 2187 336 2210 eorum
366 2176 546 2210 heredibus
576 2176 661 2210 infra
682 2187 782 2210 unum
804 2188 924 2210 annum
947 2176 1068 2210 dictum
1090 2179 1230 2221 primum
1251 2187 1373 2210 annum
1394 2176 1584 2210 immediate
1604 2181 1809 2215 secuturum„
1840 2177 1950 2211 medio
1969 2183 2003 2207 30

135 2248 222 2271 vero
252 2242 404 2283 tempore
433 2237 519 2270 idem
550 2237 783 2282 VVoyceehius
812 2242 867 2270 aut
887 2237 993 2270 frater
1013 2248 1092 2271 suus
1113 2237 1282 2282 predictus
1302 2237 1356 2270 vel
1378 2248 1495 2271 eorum
1516 2237 1661 2270 heredes
1682 2237 1803 2271 dictam
1824 2240 1951 2271 curiam

136 2309 212 2331 cum
242 2300 310 2331 suis
340 2300 554 2343 pertinenciis
583 2302 699 2331 tenere
728 2297 889 2331 deberent
920 2302 952 2331 et
980 2298 1108 2331 fructus
1129 2298 1205 2331 inde
1226 2301 1401 2343 percipere
1422 2309 1482 2343 pro
1502 2309 1563 2331 suo
1585 2298 1727 2332 comodo
1748 2302 1780 2331 et
1800 2298 1951 2331 utilitate.

137 2358 207 2392 Sed
237 2362 265 2392 si
293 2358 381 2391 idem
402 2357 627 2392 W'enceslaus
656 2363 733 2392 ante
762 2358 883 2392 festum
915 2362 1020 2392 sancti
1041 2358 1237 2392 Wenceslai
1268 2363 1300 2392 ut
1321 2358 1490 2404 prefertur
1510 2358 1660 2392 solveret
1679 2361 1801 2403 viginti
1821 2369 1952 2392 marcas

138 2419 196 2453 vet
211 2418 297 2453 infra
313 2430 436 2453 annum
453 2423 528 2464 post
544 2418 607 2452 hoc
623 2423 819 2464 sequentem
836 2419 933 2453 XXII
951 2430 1080 2452 marcas
1096 2419 1150 2452 vel
1167 2418 1252 2452 infra
1269 2418 1452 2452 secundum
1470 2429 1592 2452 annum
1610 2419 1800 2452 immediate
1811 2422 1951 2464 primum

137 2483 338 2524 sequentem
359 2478 488 2513 XXIIII
508 2490 638 2513 mareas
659 2479 757 2513 modo
778 2480 982 2525 supradicto.
1008 2484 1131 2513 extunc
1152 2479 1384 2525 &Voycechius
1405 2483 1460 2512 aut
1480 2478 1585 2512 frater
1606 2490 1685 2512 suus
1704 2479 1877 2513 Jaroslaus
1897 2479 1953 2512 vel
1972 2484 2005 2508 3-5

140 2539 285 2573 heredes
315 2550 431 2573 eorum
460 2542 492 2573 in
521 2550 719 2584 quocunque
748 2542 891 2573 termino
922 2544 953 2572 ut
983 2539 1153 2585 prefertur
1173 2542 1278 2584 ipsam
1299 2543 1424 2573 curiam
1446 2551 1520 2573 cum
1542 2543 1610 2573 suis
1632 2543 1846 2585 pertinenciis
1869 2542 1952 2585 ipsi'

119 2599 348 2651 'VVenceslao
378 2599 517 2633 liberam
546 2599 714 2633 dimittere
739 2599 913 2633 deberent.
949 2600 985 2633 Si
1005 2610 1089 2633 vero
1110 2599 1196 2633 idem
1213 2599 1439 2634 wenceslaus
1461 2599 1545 2633 infra
1567 2600 1687 2634 festum
1709 2604 1814 2634 sancti
1834 2600 1952 2634 Wen-

297 2680 325 2707 α)
346 2676 556 2708 Lehenqualeriz:
576 2675 686 2707 pridem.
792 2675 816 2701 bi
839 2675 1046 2707 Lekenqutitern:
1068 2676 1094 2698 in
1114 2675 1173 2699 slat!
1192 2676 1252 2707 ipsi.
