2421 3064
986 243 1066 275 1:323
1878 236 1924 266 ῃ,

117 344 272 377 ecclesiis
301 341 475 376 debentur.
507 342 567 375 illis
599 342 815 375 decimalibus
845 342 1002 375 denariis.
1027 343 1080 384 qui
1111 353 1127 372 a
1158 340 1351 384 qmbusdam
1383 339 1533 372 ecelesiis
1564 340 1756 371 monasterii
1786 336 1923 369 Trebe—

117 406 229 437 censis
259 408 290 437 et
319 402 445 436 duabus
476 402 633 435 marchis.
664 414 727 447 que
757 403 798 435 de
827 402 979 435 ccelesiis
1016 403 1207 433 monasterii
1239 400 1453 433 111-0111000515
1484 399 1578 432 nohis
1607 399 1791 431 solvuntur.
1823 397 1924 430 (lum-

120 468 211 497 taxat
241 466 402 508 exceptis.
432 474 472 495 eo
495 466 576 496 iure.
608 474 672 507 quo
699 475 759 496 nos
789 467 821 496 et
841 464 945 496 nostri
976 461 1237 506 predecessores
1268 472 1325 491 eos
1349 463 1569 505 percepimus.
1601 458 1760 492 deberent
1781 457 1924 503 capitulo

119 528 151 558 in
181 522 412 557 concambium
444 528 604 568 perpetuo
644 528 673 555 et
704 521 1001 568 inpermutabiliter
1031 523 1207 563 assignari.
1249 523 1278 553 iu
1311 521 1365 553 lio<
1410 526 1472 553 tzuu
1507 520 1638 565 capituli
1669 530 1764 564 quam
1796 522 1928 551 nostras

120 587 363 630 prospicientes
394 583 548 616 utilitates
579 584 765 617 evidentes.
804 594 877 616 cum
908 582 1034 614 denarii
1066 581 1202 626 predicti
1238 584 1308 614 siue
1338 581 1478 625 qualibet
1511 580 1702 613 ‹lil'lieultate
1732 590 1791 624 per
1820 582 1925 623 ipsum
1965 582 1981 603 ἴ»

118 644 298 691 capitulum
342 646 467 689 possint
497 647 621 688 percipi
659 648 688 677 et
727 643 768 676 ob
808 643 870 676 hoe
908 642 1016 675 cultus
1046 642 1177 674 divinus
1215 644 1331 684 augeri
1364 642 1483 674 valeat.
1515 641 1681 685 predictos
1711 641 1866 673 denarios
1897 642 1926 671 in

120 705 217 751 pleno
248 707 413 738 constituti
435 704 577 749 capitulo
609 716 668 749 pro
691 704 784 737 bonis
814 703 983 749 predictis.
1014 713 1077 746 que
1099 713 1158 747 per
1188 706 1333 735 nostram
1361 701 1588 733 defensionem
1613 705 1747 746 possunt
1770 710 1927 733 crescere

119 771 152 799 et
181 768 310 810 augeri.
350 763 599 798 honorabilibus
631 767 711 797 viris
751 764 906 798 fratribus
945 766 974 796 in
1016 762 1149 796 Christo
1190 762 1371 794 karissimis
1407 761 1567 795 ,leni-zoni
1605 762 1744 794 decano.
1782 759 1926 792 Sboroni

120 829 302 872 preposito.
341 825 484 859 Johanui
523 825 761 858 archidiacono
803 829 833 857 et
873 827 930 857 toti
967 823 1112 868 capitulo
1151 828 1264 855 nostro
1303 823 1516 855 olomuz-ensi
1560 826 1674 854 nostro
1713 826 1742 853 et
1782 823 1925 853 omnium

119 897 354 921 successorum
385 889 573 918 nostrorum
604 888 737 918 nomine
768 885 930 923 dedimus,
961 884 1158 916 donavimus
1188 887 1218 915 et
1255 883 1447 915 tradidimus
1479 885 1723 926 inperpetuum
1756 881 1927 914 habendos

121 951 153 981 et
182 946 394 992 recipiendos
432 950 462 978 et
493 945 691 990 disponendi
730 946 769 978 de
799 948 878 990 ipsis
912 945 1057 978 denariis
1088 943 1205 977 libere.
1245 947 1340 988 prout
1373 946 1516 988 ipsorum
1557 946 1587 974 et
1618 942 1761 975 ecclesie
1802 941 1927 974 utilitati

121 1007 293 1041 videbitur
312 1006 494 1051 expedire;
517 1008 752 1038 renunciantes
773 1008 860 1038 omui
883 1008 943 1038 iuri
966 1009 1079 1038 nostro
1101 1008 1131 1037 et
1153 1014 1386 1036 successorum
1410 1008 1598 1035 nostrorum
1615 1005 1760 1035 omnium
1784 1004 1928 1034 nomine.

120 1068 208 1113 quod
234 1066 328 1101 nobis
358 1069 389 1100 in
410 1066 567 1111 predictis
599 1067 743 1099 denariis
774 1065 985 1111 conpetebat.
1015 1070 1045 1097 et
1068 1068 1156 1110 ipsos
1187 1067 1216 1097 iu
1239 1064 1464 1096 Olomucense
1494 1063 1670 1108 capitulum
1699 1062 1929 1095 transferimus

122 1129 219 1174 pleno
250 1131 333 1163 iure.
372 1127 466 1160 salvo
497 1130 566 1159 iure
596 1126 921 1160 archidiaconorum.
962 1129 1015 1171 qui
1046 1125 1208 1158 decimani
1239 1129 1367 1169 partein
1403 1124 1442 1156 ‹le
1473 1126 1552 1169 ipsis
1582 1123 1725 1156 denariis
1755 1126 1930 1168 percipere

121 1192 383 1222 consueverunt.
419 1187 459 1220 Et
490 1192 520 1219 111
551 1190 641 1232 ipsos
671 1188 826 1220 denarios
857 1186 1033 1232 capitulum
1064 1189 1169 1231 ipsum
1202 1185 1318 1218 melius
1348 1190 1377 1217 et
1406 1184 1533 1217 facilius
1564 1184 1725 1227 colligere
1747 1184 1867 1216 valeat.
1899 1187 1927 1215 et

122 1248 246 1283 habere
289 1248 498 1294 conpellendi
543 1247 696 1281 rebelles.
741 1247 990 1281 absolucionem
1034 1247 1215 1280 eorundem
1274 1258 1333 1291 per
1375 1256 1551 1278 censuram
1596 1244 1859 1277 ecclesiasticam
1900 1247 1929 1276 in

121 1313 255 1355 scriptis
293 1308 502 1354 presentibus
542 1309 595 1341 vel
639 1320 697 1353 per
734 1319 851 1353 penam
892 1308 986 1341 aliam
1027 1307 1243 1352 temporalem
1284 1310 1343 1352 ipsi
1382 1306 1526 1351 capitulo
1565 1305 1694 1350 plenam
1735 1309 1766 1337 et
1805 1316 1929 1337 meram

121 1370 330 1404 conferimus
350 1372 582 1415 potestatem-‘2
615 1368 830 1414 prohibentes
860 1368 920 1401 sub
950 1379 1032 1413 pena
1055 1370 1430 1401 excommunicacionis.
1462 1378 1557 1411 quam
1590 1370 1619 1399 in
1646 1365 1709 1399 hiis
1738 1368 1870 1410 scriptis
1901 1368 1930 1398 iu

125 1442 242 1465 omnes
271 1430 486 1476 proferimus.
525 1441 567 1463 ne
610 1430 729 1474 aliquis
767 1432 1004 1474 cuiuscumque
1043 1433 1146 1462 status
1184 1433 1240 1461 aut
1269 1429 1475 1461 condicionis
1514 1430 1635 1460 existat
1675 1430 1704 1459 111
1735 1426 1931 1469 colligendis

124 1494 203 1537 ipsis
233 1492 378 1525 denariis
407 1491 583 1537 capitulum
616 1490 735 1524 debeat
766 1490 925 1534 inpedire.
957 1489 995 1522 Et
1018 1494 1048 1523 ut
1079 1492 1223 1522 evitetur
1252 1489 1418 1522 discordia
1450 1491 1478 1521 in
1506 1488 1648 1533 capitulo
1679 1487 1738 1521 sub
1768 1490 1930 1533 premissa

122 1555 490 1586 excommunicacionis
519 1563 603 1597 pena
635 1551 880 1584 archidiacmiis
910 1555 1023 1583 nostre
1053 1551 1196 1583 diocesis
1226 1549 1441 1595 prohibemus
1470 1548 1670 1594 specialiter.
1701 1559 1741 1581 ne
1771 1548 1811 1580 de
1832 1548 1932 1580 colli—

122 1613 243 1657 gendis
282 1611 428 1645 denariis
458 1614 539 1657 ipsis
577 1623 613 1645 se
643 1611 828 1656 aliqualiter
868 1613 1096 1651 intromittant.
1135 1610 1193 1644 sed
1225 1610 1401 1656 capitulum
1446 1610 1486 1642 de
1517 1612 1595 1654 ipsis
1634 1608 1785 1653 disponat
1830 1608 1933 1641 libere

122 1673 363 1706 committendo
401 1675 555 1718 personis
594 1671 723 1705 talibus.
763 1683 825 1716 que
862 1671 1030 1717 predictos
1068 1671 1223 1704 denarios
1259 1669 1399 1703 fideliter
1435 1669 1593 1713 colligant
1631 1673 1661 1702 et
1699 1673 1775 1702 ante
1812 1668 1931 1701 festum

125 1736 307 1767 nativitatis
336 1733 458 1767 domini
488 1744 547 1778 per
568 1732 769 1766 collectores
800 1736 889 1778 ipsos
911 1731 1053 1777 capitulo
1074 1736 1319 1777 presentemur.
1363 1730 1521 1763 Preterea
1551 1733 1625 1775 quia
1656 1741 1757 1775 super
1778 1730 1933 1774 predictis

125 1793 220 1828 bonis
248 1797 280 1827 111
301 1793 507 1827 Bielkowiez
537 1798 567 1826 et
589 1791 750 1826 Libovia'¹
779 1797 809 1826 et
832 1792 1043 1825 Thomasstat
1075 1794 1288 1836 ipsorumque
1317 1793 1533 1836 pertinenciis
1563 1795 1595 1823 et
1615 1789 1741 1823 iuribus
1767 1792 1934 1823 universis
1954 1791 1986 1814 ’ὦ

124 1854 214 1888 (11010
252 1859 368 1887 nostro
407 1854 550 1900 capitulo
589 1858 620 1888 111
657 1853 778 1887 iudicio
817 1857 906 1886 terre
942 1852 1061 1885 dudum
1101 1863 1160 1896 per
1189 1851 1421 1885 Raczconem⁴'
1457 1855 1487 1884 et
1519 1850 1727 1883 Otankonem
1767 1851 1932 1894 quondam

125 1914 313 1948 Raczconis
342 1915 382 1948 de
412 1915 518 1948 Dolan
558 1919 605 1948 est
636 1917 766 1959 questio
795 1916 965 1947 suscitata.
1004 1912 1134 1945 demum
1166 1916 1313 1945 nostrum
1344 1912 1520 1956 capitulum
1560 1911 1600 1944 ab
1630 1911 1755 1944 eisdem
1786 1914 1933 1956 promisit

124 1979 159 2009 et
188 1979 319 2008 tenetur
346 1975 442 2009 nobis
472 1976 620 2021 predicta
650 1975 734 2008 bona
766 1977 926 2007 evincere
955 1977 985 2006 et
1020 1984 1079 2018 per
1108 1976 1215 2006 omnia
1247 1972 1446 2017 disbrigare.
1478 1975 1507 2005 in
1538 1984 1603 2016 quo
1633 1974 1710 2017 ipsis
1741 1975 1935 2004 assistemus

124 2035 236 2069 Studio
267 2036 436 2081 diligenti:
467 2048 506 2069 ac
535 2035 768 2069 nichilominus
808 2038 887 2080 ipsis
918 2036 1036 2067 evictis
1066 2038 1095 2067 et
1127 2033 1317 2077 disbrigatis
1347 2037 1469 2067 extunc
1499 2036 1629 2066 inantea
1671 2044 1730 2077 per
1759 2035 1934 2065 triennium

125 2099 320 2130 continuum
351 2097 519 2129 dumtaxat
551 2096 666 2129 eadem
689 2095 773 2129 bona
795 2099 904 2128 omma
926 2098 1016 2128 iuxta
1039 2098 1128 2127 terre
1147 2093 1300 2127 Moravie
1321 2094 1596 2127 consuetudinem
1619 2092 1658 2125 ab
1681 2091 1934 2137 inpeticionibus

127 2156 329 2201 quibuslibet
358 2157 452 2191 nohis
491 2161 523 2190 et
552 2159 675 2190 nostris
713 2155 966 2189 successoribus
997 2154 1188 2188 omnimodo
1219 2154 1410 2188 defensare.
1452 2153 1491 2186 Et
1521 2156 1546 2186 si
1577 2154 1727 2187 forsitan.
1758 2157 1933 2198 antequam

128 2217 191 2251 hec
219 2217 349 2260 fierent.
380 2228 440 2263 per
469 2217 637 2262 predictos
668 2216 879 2250 Raczconem
910 2220 941 2248 et
971 2214 1181 2248 Otankonem
1209 2214 1263 2248 vel
1293 2214 1376 2248 alios
1406 2213 1569 2259 quoslibet
1599 2213 1684 2247 bona
1716 2217 1784 2259 ipsa
1806 2216 1836 2246 111
1867 2218 1935 2246 1010

127 2278 183 2311 vel
211 2281 244 2311 in
274 2283 367 2323 parte
396 2289 412 2311 a
444 2277 538 2311 nobis
567 2277 622 2311 vel
652 2282 767 2310 nostro
797 2276 940 2322 capitulo
971 2279 1023 2308 aut
1053 2277 1175 2308 nostris
1204 2274 1459 2309 successorihus
1489 2274 1574 2307 hona
1605 2278 1674 2319 ipsa
1705 2277 1815 2308 evinci
1846 2285 1934 2307 con-

127 2341 284 2383 tingeret.
315 2338 435 2371 dictum
465 2337 643 2383 capitulum
674 2342 704 2370 et
732 2340 882 2370 canonici
913 2335 1060 2381 predicta
1090 2334 1175 2368 bona
1206 2338 1316 2369 evicta
1338 2336 1392 2369 vel
1422 2340 1560 2381 partem.
1591 2345 1654 2380 que
1685 2338 1794 2369 evicta
1825 2335 1934 2368 fuerit.

1951 885 1981 907 lii

1953 1490 1985 1510 'lit

1955 2098 1988 2119 Ilt)

127 2398 171 2432 de
213 2399 427 2433 decimalibus
470 2400 616 2432 denariis
660 2399 815 2443 predictis
853 2397 909 2431 vel
952 2396 1022 2429 aliis
1064 2395 1160 2430 bonis
1203 2399 1272 2429 suis
1314 2397 1352 2429 ad
1397 2399 1647 2429 estimacionem
1691 2400 1722 2429 et
1765 2395 1935 2428 arbitrium
1956 2398 1989 2419 125·

130 2460 316 2504 aliquorum
355 2458 535 2505 proborum
567 2462 714 2493 virorum
755 2470 770 2491 a
809 2457 903 2491 nobis
934 2456 987 2489 vel
1027 2459 1150 2490 nostris
1185 2456 1439 2489 suecessoribus
1478 2467 1542 2489 uua
1573 2467 1645 2489 cum
1677 2457 1763 2489 dicto
1794 2456 1936 2500 capitulo

129 2520 361 2564 eligendorum
392 2523 612 2553 communiter
650 2519 745 2553 nobis
784 2523 814 2551 et
844 2521 969 2551 nostris
1007 2518 1260 2552 successoribus
1300 2518 1482 2552 refundere
1522 2517 1732 2550 tenebuntur.
1781 2515 1935 2549 Ceterum

128 2582 156 2613 si
178 2578 264 2613 bona
294 2583 325 2613 in
354 2579 577 2613 Budisschow
607 2584 637 2613 et
668 2579 815 2613 Luhovia
847 2590 918 2611 cum
949 2582 1018 2611 suis
1048 2582 1265 2624 pertinenciis
1296 2581 1326 2612 in
1357 2583 1424 2611 toto
1455 2579 1508 2611 vel
1546 2581 1577 2611 in
1608 2582 1700 2623 parte
1730 2588 1787 2622 per
1816 2588 1936 2621 quam-

285 2682 310 2696 111
334 2673 380 2696 niv
406 2673 584 2696 Constructi'nu
612 2674 651 2696 des
679 2676 764 2696 Naki-es
792 2673 876 2695 warde
902 2672 981 2695 durch
1010 2672 1174 2703 ll'eylnssuny
1198 2680 1243 2695 ron
1271 2672 1469 2695 absolucionem
1496 2671 1636 2695 eorundem
1663 2673 1858 2703 mnigyerwzitsseu
1888 2679 1939 2693 rel*-

130 2715 258 2739 siandlieh
281 2717 386 2740 werden.
424 2716 445 2745 bx>
466 2717 536 2748 01'1'9.
556 2716 698 2740 Gibbovia.
736 2726 749 2739 c
781 2716 851 2747 (ΙΙ-ιη.
872 2716 928 2739 liier
948 2716 1106 2740 Raczonem.

1964 2712 1992 2736 lt)
