2421 3064
1027 203 1105 234 1:377
1870 202 1942 236 153

209 295 320 344 179.
1333 318 1427 352 1377
1459 320 1593 363 Auyusl
1624 320 1668 354 15
1702 321 1889 355 lsi-enesim:

140 389 206 423 Die
236 390 375 424 Bril'der
404 391 535 425 Sbinlw
575 394 642 426 mul
671 393 786 427 Pamin
817 406 878 426 ron
908 393 1066 428 ll'llrosele
1102 396 1289 440 rerlmnfen
1321 397 1394 430 llere
1425 398 1653 441 Bessa-unslet!
1684 400 1715 431 ῖη
1740 399 1938 433 [riselam-it:-

391 453 463 485 dem
497 453 669 487 (llnmlz-er
701 455 842 498 lsnpi‘lel
866 458 925 500 fili·
957 454 1074 501 1677?
1103 456 1204 489 Marli·
1235 459 1381 500 evenisset·
1415 458 1458 490 lo
1490 459 1675 492 Grosehen.

291 520 467 569 Novcrint
489 539 637 570 universi
659 540 869 582 presencium
890 540 1044 571 noticiam
1068 538 1222 581 habituri,
1253 540 1337 584 quod
1360 551 1420 573 nos
1443 540 1579 585 Sbynco
1609 546 1641 574 et
1660 542 1786 587 Pomyn
1818 542 1938 575 fratres

133 599 285 640 germani
324 596 364 629 de
395 596 589 632 Wlhosehs.
630 597 714 631 bona
753 602 784 631 et
813 598 990 632 sufficienti
1021 598 1269 633 deliberacione
1307 605 1339 633 et.
1369 606 1496 634 maturo
1527 606 1715 635 nostrorum
1755 605 1937 636 amicorum

133 656 270 690 consilio
300 655 493 701 prehabitiS„
524 656 708 690 honorabili
734 661 808 691 viro
846 663 877 692 et
906 659 1038 692 domino
1069 662 1229 704 magistro
1260 660 1413 694 Sandoro
1443 662 1679 695 archidiacono
1710 662 1936 700 Preroviensi.

132 719 224 750 curie
262 719 474 762 episcopatus
512 716 746 752 olomucensis
789 719 935 763 officiali⁷
980 723 1065 753 iusto
1103 721 1311 754 vendicionis
1351 722 1443 755 titulo
1482 722 1684 756 hereditarie
1714 724 1935 758 veiulidimus.

131 780 389 821 assignavimus,
421 778 579 811 tradimus
609 784 637 811 et
669 779 880 824 presentibus
911 780 1014 813 libere
1042 783 1253 825 resignamus
1283 785 1391 815 onmia
1422 787 1453 815 et
1482 783 1611 827 singula
1643 788 1754 817 nostra
1788 783 1873 817 bona
1905 787 1935 817 in

129 837 363 880 Kisselowicz‚
394 838 549 871 videlicet
580 850 641 872 sex
672 840 786 873 laneos
816 841 991 874 censuales
1022 843 1129 874 minus
1158 852 1222 874 uno
1253 842 1403 886 quartali,
1434 843 1588 876 allodium
1619 855 1676 877 seu
1703 847 1827 877 curiam
1851 856 1935 890 pre-

129 898 249 932 dialem
280 898 321 931 de
349 898 446 931 laneo
475 909 548 931 cum
580 899 726 936 dimidio*
756 905 824 935 tres
853 900 1009 935 tabernas
1038 900 1232 938 braxaules.
1263 902 1485 936 molendinum
1516 908 1548 936 et
1569 909 1711 949 quatuor
1740 905 1932 946 curticulas5
1955 913 1987 938 lo

128 958 210 992 duas
240 962 385 992 maiores
423 963 454 991 et
485 959 567 992 duas
598 963 757 995 minores.
797 973 869 994 cum
901 961 1051 994 omnibus
1091 967 1123 995 et
1151 963 1290 1006 singulis
1329 966 1419 1007 agris
1449 964 1544 997 cultis
1574 969 1604 997 et
1634 965 1779 999 incultis.
1817 969 1931 1011 pratis.v

126 1022 270 1064 pascuis,
300 1023 405 1064 aquis„
435 1020 552 1053 rivulis
581 1032 788 1065 aquarumve
818 1021 1024 1058 decursibus.
1056 1023 1230 1057 littoribus.
1271 1024 1517 1069 piscacionibus
1547 1036 1585 1057 ae
1616 1025 1767 1058 omnibus
1797 1030 1828 1058 et
1857 1028 1931 1059 sin-

125 1080 211 1124 gulis
240 1092 449 1125 quocumque
461 1084 472 1095 ³¹
503 1086 704 1114 censeantur
735 1085 867 1115 nomine
896 1085 1111 1128 pertinenciis
1141 1084 1240 1117 adea
1263 1084 1347 1117 bona
1378 1085 1604 1130 spectantibus
1625 1089 1654 1119 in
1677 1089 1745 1119 suis
1776 1085 1932 1119 limitibus

125 1146 157 1174 et
186 1144 282 1174 metis
319 1141 359 1174 ab
403 1144 538 1186 antiquo
569 1142 732 1175 distinctis
771 1148 803 1176 et
831 1154 891 1188 per
920 1154 981 1176 nos
1011 1143 1119 1176 taliter
1156 1145 1435 1185 demonstrandis„
1474 1157 1512 1179 ac
1543 1146 1682 1190 singulis
1713 1146 1931 1191 proventibus

124 1205 157 1234 et
186 1201 378 1235 utilitatibus
417 1202 513 1247 pleno
553 1205 624 1235 iure
655 1208 687 1235 et
716 1203 861 1236 dominio
899 1206 970 1237 sine
1000 1205 1234 1243 diminucione,
1276 1210 1372 1250 prout
1406 1216 1468 1239 nos
1498 1209 1557 1252 ipsi
1596 1209 1628 1240 in
1657 1207 1820 1240 antedicta
1852 1207 1928 1240 villa
1951 1215 1983 1239 15

123 1261 344 1295 Kisselowicz
374 1267 403 1295 et
426 1265 552 1307 campis
583 1263 731 1296 ciusdem
763 1268 939 1307 tenuimus„
970 1264 1144 1298 habuimus
1170 1270 1202 1298 et
1222 1266 1431 1310 possedimus
1460 1267 1678 1311 usquemodo,
1709 1267 1807 1300 nichil
1838 1270 1928 1310 iuris7

122 1325 335 1368 proprietatis
373 1334 430 1356 seu
471 1323 606 1356 dominii
646 1323 744 1356 nobis
783 1328 815 1356 et
851 1327 974 1358 nostris
1013 1325 1191 1358 heredibus
1231 1329 1261 1359 in
1291 1326 1415 1360 eisdem
1457 1326 1551 1360 bonis
1589 1329 1829 1372 relinquentes.
1868 1339 1928 1373 pro

123 1387 255 1417 centum
277 1387 454 1428 sexaginta
475 1389 601 1429 septem
633 1395 706 1417 cum
729 1385 859 1418 dimidia
892 1388 1012 1418 marcis
1032 1397 1226 1429 grossorum
1250 1386 1466 1431 Pragensium
1498 1390 1604 1421 minus
1633 1388 1748 1421 decem
1770 1386 1929 1431 grossosb

121 1443 285 1477 Moravici
322 1447 451 1477 numeri
489 1449 519 1477 et
550 1448 753 1490 pagana—nti.
793 1456 874 1490 quas
903 1446 942 1478 ab
972 1449 1044 1491 ipso
1074 1446 1259 1480 honorabili
1294 1450 1454 1492 magistro
1485 1448 1637 1482 Sandero
1667 1449 1832 1482 antedicto
1861 1452 1926 1483 iam

119 1507 331 1549 percepimus
361 1507 390 1538 in
421 1509 533 1549 parata
565 1508 704 1550 pecunia
735 1506 943 1550 integraliter
972 1511 1174 1539 numeratas.
1222 1507 1296 1552 Ipsa
1327 1519 1460 1552 quoque
1495 1508 1578 1541 bona
1609 1520 1682 1542 cum
1713 1509 1864 1543 omnibus
1895 1514 1926 1542 et
1946 1516 1979 1542 20

120 1565 259 1609 singulis
301 1567 368 1598 suis
412 1564 536 1598 iuribus
575 1570 606 1598 et
646 1569 859 1611 pertinenciis
896 1570 926 1599 in
965 1569 1119 1612 proximo
1161 1567 1322 1601 baronum
1367 1573 1456 1602 terre
1493 1568 1646 1603 Mol-avie
1685 1570 1850 1615 colloquio
1893 1573 1925 1603 in

120 1624 293 1667 Olomucz7
332 1625 407 1658 dum
437 1625 547 1659 tabule
588 1631 679 1660 terre.
716 1629 856 1672 primum
888 1626 1010 1660 fuerint
1044 1632 1172 1672 apel-[Q
1211 1639 1276 1661 nou
1316 1628 1479 1673 inlu-igata
1516 1629 1573 1662 sed
1612 1632 1703 1675 prius
1743 1633 1878 1663 omnino
1907 1642 1923 1663 a

119 1684 317 1729 quibuslibet
346 1689 501 1731 personis
521 1686 747 1731 spiritualibus
777 1692 808 1720 et
841 1687 1048 1721 secularibus
1078 1688 1229 1721 libertata
1259 1692 1289 1722 ei
1309 1693 1470 1733 magistro
1491 1690 1644 1723 Sandero
1674 1695 1707 1723 et
1735 1691 1926 1735 specialiter

118 1746 158 1779 ad
188 1745 302 1779 fideles
333 1758 448 1780 manus
478 1747 729 1781 honorabilibus
759 1751 840 1781 viris
871 1748 1012 1781 dominis
1043 1775 1049 1781 .
1081 1775 1087 1780 .
1119 1749 1247 1782 decano
1277 1754 1310 1783 et
1338 1750 1481 1795 capitulo
1512 1750 1749 1784 Olomucensis
1779 1752 1923 1785 ecclesie

117 1806 313 1849 intabularffl
343 1807 545 1841 hereditarie
574 1811 803 1854 appropriare.
847 1808 1015 1844 libertare.
1046 1810 1226 1843 secundum
1258 1813 1307 1843 ius
1337 1815 1427 1844 terre
1457 1810 1645 1855 disbrigare
1676 1816 1744 1844 eta
1775 1811 1920 1857 quolibet
1940 1818 1974 1843 25

117 1878 176 1901 eos
204 1872 358 1913 pretextu
397 1869 579 1902 eorundem
619 1869 780 1903 bonorum
819 1872 891 1903 iure
920 1874 1009 1903 terre
1047 1873 1215 1915 iupetente
1252 1876 1409 1916 perires
1438 1882 1544 1904 annos
1582 1871 1764 1916 exbrigare
1799 1875 1920 1906 nostris

115 1931 260 1973 propriis
289 1928 472 1974 sumptibus
501 1934 533 1963 et
562 1929 672 1974 satigis
702 1933 787 1963 iuste
817 1934 969 1963 tenemur
998 1935 1029 1963 et
1058 1933 1278 1975 promittimus
1309 1936 1420 1965 nostra
1450 1931 1535 1965 bona
1566 1932 1641 1965 fide.
1690 1931 1759 1965 Nos
1789 1943 1920 1977 quoque

115 1987 331 2033 Dyetoschco
362 1989 402 2023 de
432 1990 650 2025 Schonwald.
680 1989 850 2023 Jcneczko
881 1990 920 2023 de
941 1990 1085 2025 Wezek.
1130 1991 1266 2024 Onscho
1296 1992 1336 2024 de
1356 1991 1516 2035 Krassna,
1545 1992 1649 2026 Mikul
1680 1993 1720 2025 de
1742 1992 1920 2026 Kostelecz

115 2053 148 2082 et
176 2048 308 2083 Ulrieus
344 2049 449 2083 dictus
478 2050 626 2084 Howora
658 2051 698 2084 de
728 2050 837 2083 Czeeh
868 2050 1083 2084 fideiussores
1113 2062 1172 2096 pro
1203 2051 1372 2085 Sbincone
1410 2057 1443 2086 et
1470 2052 1598 2098 Pomyn
1628 2053 1786 2087 fratribus
1815 2058 1918 2087 ante-

115 2108 210 2143 dictis
239 2114 270 2143 et
299 2121 372 2143 cum
403 2113 451 2144 eis
481 2113 513 2143 in
541 2111 682 2144 solidum
712 2115 864 2144 tenemur
903 2116 931 2143 et
963 2111 1047 2144 bona
1077 2117 1189 2145 nostra
1220 2112 1284 2145 fide
1314 2124 1410 2146 manu
1441 2116 1616 2147 coniuncta
1656 2114 1801 2148 indivise
1831 2125 1916 2160 pro-
1936 2120 1970 2145 30

113 2172 270 2204 mittimus
308 2170 493 2205 honorabili
532 2174 693 2216 magistro
732 2171 884 2205 Sandero
922 2183 960 2205 ac
998 2173 1138 2206 dominis
1178 2200 1184 2206 .
1217 2200 1223 2206 .
1263 2173 1391 2207 decano
1430 2178 1461 2207 et
1498 2174 1642 2219 capitulo
1683 2174 1917 2208 olomucensis

112 2230 258 2264 ecclesie
287 2232 529 2265 antedictorum
559 2232 721 2265 bonorum
752 2233 986 2266 vendicionem
1025 2237 1057 2265 et
1085 2236 1352 2277 resignacionem
1385 2237 1414 2267 in
1445 2234 1597 2268 omnibus
1627 2238 1694 2268 suis
1725 2238 1854 2280 punctis
1884 2239 1916 2268 et

111 2291 269 2327 articulis.
307 2296 405 2338 prout
441 2297 661 2337 expressatur
702 2296 866 2338 superius,
909 2293 1145 2326 inviolabiliter
1184 2293 1370 2327 observare
1408 2299 1439 2327 et
1477 2295 1662 2340 adimplere
1692 2307 1765 2328 cum
1796 2295 1915 2329 ell'ectu

111 2362 253 2396 eumque
283 2356 475 2397 magistrum
498 2352 698 2389 sanderum.
730 2379 735 2385 .
760 2381 766 2386 .
798 2353 958 2387 decanum
981 2357 1012 2386 et
1032 2353 1210 2398 capitulum
1232 2357 1320 2387 circa
1343 2354 1526 2400 pacificam,
1557 2366 1672 2388 veram
1696 2360 1728 2389 et
1748 2358 1913 2400 integram

110 2411 272 2445 dictorum
302 2411 463 2446 bonorum
493 2416 742 2458 possessionem
773 2413 967 2458 indempnes
997 2424 1216 2457 conservare,
1254 2417 1343 2448 omni
1373 2415 1655 2459 contradiccione9
1694 2419 1912 2461 excepcione.
1933 2423 1966 2448 35

109 2474 259 2514 accione,
290 2475 320 2506 in
342 2476 543 2507 contrarium
574 2474 794 2519 placitacione
823 2474 933 2507 iudicii
955 2478 984 2506 et
1006 2474 1083 2507 dolo
1103 2475 1338 2519 proculmotis3
1368 2478 1587 2520 promittimus
1608 2478 1744 2522 insuper
1773 2479 1913 2522 specia-

108 2531 183 2565 liter
219 2544 279 2578 pro
315 2534 498 2567 eorundem
537 2533 699 2568 bonorum
740 2535 978 2580 redempcione
1015 2546 1073 2567 seu
1104 2534 1353 2571 absentacione.
1389 2547 1453 2581 que
1486 2536 1589 2579 vulgo
1618 2541 1754 2582 zssutye
1784 2537 1911 2571 dicitur.

108 2592 145 2625 Si
174 2604 257 2627 vero
294 2594 324 2627 id
354 2595 408 2627 vel
447 2595 567 2639 aliquid
606 2598 846 2642 premissomim
883 2605 948 2627 non
978 2594 1169 2637 fecerimus,
1208 2606 1289 2628 mox
1318 2595 1382 2628 duo
1421 2607 1463 2629 ex
1492 2595 1588 2629 nobis
1626 2607 1686 2641 per
1716 2600 1911 2641 magistrum

262 2671 287 2699 ιι)
309 2671 395 2701 01=i9.:
415 2678 651 2701 quocumcumqrie.
723 2670 745 2696 Ιι)
767 2670 869 2694 Saltem!
890 2671 1012 2701 cnrriqirt
1032 2672 1072 2693 in:
1092 2671 1197 2701 grossis

1775 2724 1809 2747 20
