2421 3064
984 238 1067 270 1:390
1856 230 1901 263 *37
1912 230 1921 263 1

431 336 574 369 slbs1·Ii1·ift
598 339 632 362 im
660 337 868 371 IseIienqtmlern
896 336 929 365 ΙΙ,
950 346 979 371 1¹·
997 336 1048 362 67.
1098 352 1114 354 --
1139 336 1290 373 Irremsisi',
1313 335 1463 367 stirslerz-Ir.
1482 335 1597 361 Atra-hin.

432 390 505 415 Novlt
539 390 598 414 dem
634 388 744 415 Druelfe
779 389 917 415 licelitzers
949 390 978 413 ιίι
1014 387 1195 422 „Zr’i'lscltri'ft
1216 388 1239 419 f.
1257 388 1284 413 d.
1309 388 1469 412 ‘tesi-larba*
1496 387 1624 412 [nalo-ens
1651 386 1869 412 n..5‹·l1l‹›sn=ns*
1906 386 1930 412 12

532 450 559 475 p.
579 441 628 467 1λὶ.
646 450 689 467 nr.
708 442 746 466 :52
766 442 822 467 und
839 442 891 467 (len
909 440 1099 466 Horret-turen
1123 440 1204 465 Iliez-et
1230 448 1281 464 eon
1300 440 1410 473 Sitrilieln·
1434 449 1460 464 ll!
1484 431 1617 473 „s'asopi's
1637 438 1699 465 Mat.
1721 438 1807 464 Mors*
1830 438 1931 464 XXVI.

531 502 559 526 p.
579 493 627 519 57.
652 502 695 519 ur.
718 493 832 519 XXXII.

190 647 304 696 309.
1341 662 1439 695 1391)
1469 663 1672 706 δὐμίθιηὺιψ
1702 662 1745 695 21
1781 662 1878 695 Hom.

121 734 230 779 Papst
260 734 467 778 Bom'facins
497 734 560 767 IX.
591 738 754 777 flestatlt’t
784 736 857 767 dem
891 734 1038 778 Bischof
1059 734 1195 767 doleam!
1218 744 1282 765 ron
1313 732 1534 765 Leitomiselil
1562 732 1616 764 (lie
1643 732 1933 775 'I'ransferieremy

119 795 180 828 [tes
209 794 769 839 Anglitsle'ner—Flam-loerrenslz‘sls
809 796 840 827 in
870 795 1073 828 Landslsron
1113 806 1176 827 (ms
1215 794 1276 827 der
1304 791 1466 826 Ver-stadt
1502 804 1561 824 3111*
1592 792 1932 836 StatllJJs'aem-rlcz'relee·.

276 863 480 910 Bonifacius
497 880 676 922 episcopus
697 888 818 910 servus
839 888 1019 911 servorum
1049 877 1113 910 dei.
1136 875 1329 910 Venerabili
1350 875 1444 908 fratri
1460 875 1603 908 Johanni
1627 878 1785 920 episcopo
1804 875 1934 908 hutho-

121 938 267 971 mislensi
306 937 445 971 salutem
485 942 516 970 et
556 938 772 983 apostolicam
804 938 1090 971 benediccionem.
1134 937 1247 980 Exigit
1280 947 1401 980 magne
1430 936 1627 969 devocionis
1657 936 1807 972 affectus*
1838 947 1934 980 quem

121 998 161 1031 ad
183 1009 243 1031 nos
265 1002 296 1031 et
318 997 502 1031 Romanam
525 1001 702 1031 ecetesiam
724 1009 848 1042 gerere
869 998 1101 1044 conprobat-is,
1132 1002 1164 1030 ut
1185 1000 1272 1030 votis
1298 1000 1361 1029 tuis
1382 996 1446 1030 illis
1468 999 1656 1041 presertim.
1679 1007 1740 1041 que
1762 996 1933 1029 utilitatem

120 1063 152 1092 et
185 1058 363 1092 comodum
392 1058 611 1091 ecclesiarum
642 1070 681 1091 ac
710 1059 1014 1092 ecclesiasticarum
1045 1069 1265 1104 personarum
1295 1062 1327 1091 et
1356 1059 1532 1102 presertim
1563 1056 1623 1089 sul)
1654 1057 1800 1101 regulari
1824 1056 1935 1089 habitu

119 1119 253 1153 domino
277 1119 490 1152 militancium
513 1130 721 1152 concernere
743 1119 971 1153 dinoscuntur.
1001 1122 1158 1163 graciose
1174 1130 1213 1152 ac
1234 1117 1464 1152 favorabiliter
1480 1128 1677 1150 annuamus.
1709 1116 1799 1150 Sane
1817 1119 1937 1161 peticio

118 1190 179 1225 pro
208 1184 302 1225 parte
332 1184 385 1212 tua
415 1179 510 1212 nobis
539 1191 645 1224 nuper
674 1179 821 1213 exhibita
852 1178 1054 1215 continebat.
1085 1179 1171 1224 quod
1202 1179 1278 1212 olim
1310 1178 1396 1211 bone
1426 1181 1587 1211 memorie
1615 1177 1729 1210 Petrus
1759 1180 1938 1223 episcopus

118 1239 395 1273 Luthomislensis
434 1240 659 1285 predecessor
698 1245 770 1273 tuus
809 1240 974 1285 quoddam
1015 1243 1252 1273 monasterium
1292 1242 1530 1272 canonicorum
1570 1239 1774 1282 regularium
1814 1239 1938 1271 ordinis

118 1303 226 1334 sancti
246 1300 427 1345 Augustini
457 1300 496 1333 ad
528 1301 689 1334 honorem
721 1305 753 1334 et
781 1300 840 1334 sub
866 1300 1030 1334 vocabulo
1051 1304 1157 1334 sancti
1178 1299 1307 1333 Nicolai
1337 1302 1486 1345 episcopi
1507 1304 1540 1332 et
1560 1299 1767 1332 confessoris
1788 1303 1820 1331 et
1840 1298 1936 1332 beate

118 1360 304 1394 Katherine
333 1363 475 1405 virginis
506 1372 609 1406 prope
639 1361 792 1407 oppidum
824 1360 1106 1394 Lanczkroneuse
1126 1360 1402 1394 Luthomislensis
1432 1359 1575 1393 diocesis
1606 1359 1645 1392 ad
1676 1370 1825 1392 mensam
1856 1361 1935 1404 epi-

120 1421 291 1467 scopalem
322 1421 624 1455 Luthouiislensem
647 1425 817 1467 pertinens
839 1422 879 1455 de
900 1433 989 1456 novo
1010 1424 1149 1455 instituit
1169 1426 1202 1454 et
1222 1420 1373 1454 fundavit
1393 1431 1453 1465 per
1473 1422 1678 1465 prepositum
1700 1419 1885 1463 regendum
1908 1424 1939 1452 et

120 1485 228 1516 eciam
257 1481 510 1527 gubernandum
546 1482 701 1527 quodque
732 1482 941 1527 postmodum
971 1483 1010 1515 ad
1041 1482 1188 1515 eiusdem
1216 1484 1365 1527 episcopi
1386 1484 1581 1514 instanciam
1604 1484 1637 1514 et
1657 1483 1936 1526 procuracionem

122 1542 344 1588 parrochialis
382 1542 525 1576 ecclesia
565 1542 662 1576 beate
695 1542 802 1577 Marie
841 1546 983 1587 virginis
1023 1546 1054 1576 in
1092 1543 1210 1576 eodem
1250 1542 1372 1587 oppido
1411 1544 1599 1575 consistens
1638 1541 1677 1574 ad
1717 1541 1935 1574 collacionem

120 1606 272 1649 episcopi
292 1602 569 1636 Luthomislensis
599 1614 659 1649 pro
688 1608 840 1649 tempore
870 1606 1045 1637 existentis
1075 1607 1152 1636 tunc
1181 1605 1352 1648 pertinens
1382 1602 1489 1635 eidem
1517 1604 1720 1635 monasterio
1742 1612 1801 1646 per
1821 1601 1963 1634 sedem*

121 1664 339 1710 apostolicam
371 1667 545 1706 canonice,
585 1669 617 1697 ut
647 1667 819 1705 asseritur7
860 1667 948 1697 unita
979 1668 1010 1697 et
1039 1675 1170 1696 annexa
1202 1674 1242 1696 ac
1271 1666 1484 1708 incorporata
1515 1665 1638 1705 extitit7
1668 1665 1711 1695 ita
1741 1662 1826 1706 quod
1859 1673 1943 1695 unus

123 1736 169 1758 ex
206 1727 379 1758 canonicis
409 1724 486 1757 dicti
516 1727 709 1758 monasterii
749 1735 809 1770 pro
840 1729 991 1770 tempore
1021 1724 1059 1757 ad
1091 1727 1244 1768 regimen
1274 1724 1361 1757 dicte
1391 1723 1536 1757 ecclesie
1565 1723 1716 1768 deputari
1746 1727 1777 1756 et
1806 1725 1943 1760 assumi,

121 1788 176 1819 cui
213 1796 364 1830 congrua
402 1788 518 1830 porcio
558 1785 598 1818 de
636 1784 798 1818 fructibus
835 1790 868 1818 et
907 1784 1127 1830 proventibus
1165 1784 1315 1818 eiusdem
1355 1784 1498 1817 ecclesie
1537 1786 1703 1828 assignari
1739 1783 1874 1817 deberet
1906 1795 1944 1816 ac

122 1845 293 1880 residuum
324 1845 511 1879 huiusmodi
533 1845 699 1879 fructuum
721 1851 753 1879 et
772 1850 996 1891 proventuum
1019 1845 1216 1878 dilectorum
1238 1844 1378 1878 liliorum
1400 1847 1562 1890 prepositi
1584 1849 1616 1877 et
1637 1849 1824 1878 conventus
1846 1847 1944 1877 eius-

123 1907 200 1940 dem
229 1909 423 1940 monasterii
452 1906 566 1940 usibus
595 1907 744 1940 cederet.
793 1906 875 1940 Cum
905 1911 1027 1949 autem,
1070 1908 1155 1939 sicut
1184 1906 1300 1939 eadem
1333 1908 1453 1950 peticio
1483 1904 1716 1949 subiungebat.
1759 1904 1944 1950 predictum
1964 1917 1971 1923 ·

125 1970 364 2001 monasterium
403 1970 556 2000 situatum
597 1969 637 2001 sit
675 1978 781 2013 prope
822 1978 924 2012 aquas
962 1971 993 2000 et
1034 1969 1063 1999 in
1094 1966 1168 1999 loco
1197 1966 1295 1999 valde
1325 1965 1458 1999 humido
1488 1970 1519 1998 et
1549 1976 1676 2010 aquoso
1706 1970 1737 1998 et
1766 1970 1944 2011 propterea

123 2030 277 2061 canonici
306 2027 430 2061 ibidem
460 2027 648 2061 habitantes
677 2032 847 2072 nequeunt
877 2027 1011 2061 cellaria
1041 2031 1074 2060 et
1102 2027 1164 2060 alia
1194 2026 1368 2060 commoda
1399 2029 1447 2059 eis
1477 2029 1670 2059 necessaria
1700 2025 1776 2059 inibi
1803 2025 1942 2063 habere,

125 2092 224 2134 prout
261 2087 411 2129 deceret,
454 2092 553 2133 tuque
592 2087 722 2121 dubites
759 2092 895 2133 propter
933 2090 1140 2121 vicinitatem
1179 2087 1255 2120 dicti
1295 2089 1488 2121 monasterii
1523 2086 1561 2120 ad
1592 2086 1747 2132 oppidum
1778 2089 1883 2131 ipsum
1915 2090 1946 2119 et

126 2153 263 2194 propter
291 2159 448 2193 gwerras
477 2152 508 2182 et
539 2148 676 2182 insultus
706 2148 863 2183 hostium.
893 2151 946 2194 qui
976 2151 1008 2181 in
1028 2147 1177 2193 partibus
1198 2148 1261 2181 illis
1281 2147 1354 2193 plus
1371 2148 1469 2181 solito
1490 2146 1606 2181 diebus
1628 2150 1699 2181 istis
1720 2147 1945 2189 invaluerunt,

127 2209 251 2242 dictum
280 2208 436 2254 oppidum
466 2209 507 2242 de
528 2208 616 2242 facto
638 2220 697 2254 per
718 2209 832 2242 hostes
853 2208 1019 2254 predictos
1041 2211 1199 2253 occupari
1221 2212 1251 2241 et
1274 2208 1350 2241 illud
1373 2212 1404 2241 te
1424 2208 1567 2253 perdere
1588 2218 1689 2253 posse
1711 2210 1741 2240 iu
1764 2210 1945 2241 maximum

127 2273 161 2303 et
188 2269 483 2315 irrecuperabilem
515 2269 692 2314 dampnum
723 2274 813 2303 tuum
843 2274 876 2303 et,
907 2280 1021 2302 mense
1051 2273 1103 2302 tue
1124 2269 1286 2314 predicte,
1317 2280 1377 2314 pro
1402 2273 1496 2314 parte
1517 2273 1570 2301 tua
1592 2268 1686 2302 nobis
1709 2267 1810 2301 fuerit
1830 2267 1946 2301 humi-

127 2330 204 2364 liter
241 2330 471 2376 supplicatum,
516 2334 549 2363 ut
586 2329 642 2363 tibi
680 2333 877 2364 auctoritate
915 2330 1096 2375 apostolica
1137 2329 1360 2362 transferendi
1396 2332 1501 2374 ipsum
1533 2331 1772 2362 monasterium
1802 2328 1842 2361 de
1872 2328 1947 2361 loco

128 2390 279 2436 predicto
309 2390 349 2423 ad
379 2390 541 2436 prefatam
572 2390 749 2424 ecclesiam
780 2390 1023 2436 parrochialem
1054 2389 1162 2423 eidem
1193 2392 1409 2425 monasterio,
1447 2394 1480 2422 ut
1508 2388 1688 2434 prefertur,
1719 2399 1884 2422 annexam
1915 2393 1948 2421 et

128 2453 266 2494 unitam,
304 2461 367 2496 que
406 2450 490 2484 infra
530 2462 642 2484 muros
681 2451 829 2485 eiusdem
869 2451 978 2496 oppidi
1013 2455 1045 2484 et
1083 2453 1114 2483 in
1152 2450 1226 2483 loco
1265 2449 1350 2483 bene
1379 2461 1499 2483 securo
1530 2454 1562 2482 et
1590 2449 1631 2482 ad
1662 2450 1724 2483 hoc
1755 2449 1839 2483 bene
1869 2453 1947 2494 apto

128 2515 191 2546 sita
221 2516 282 2555 est7
313 2523 353 2545 ac
381 2511 548 2545 statuendi
578 2516 611 2545 et
639 2512 813 2546 ordinandi
843 2515 1041 2545 auctoritate
1066 2511 1227 2556 predicta7
1257 2510 1344 2555 quod
1374 2510 1516 2543 cedente
1545 2509 1598 2543 vel
1620 2509 1805 2543 decedente
1826 2509 1947 2542 dilecto
1968 2517 1996 2541 »5

130 2571 196 2605 filio
225 2577 387 2618 perpetuo
417 2575 545 2605 vicario
575 2572 663 2606 dicte
693 2573 849 2613 ecclesie„
880 2575 934 2617 qui
964 2583 1049 2605 nunc
1079 2575 1142 2613 est,
1173 2571 1227 2604 vel
1257 2575 1451 2616 perpetuam
1480 2573 1643 2604 vicariam
1672 2573 1773 2616 ipsius
1804 2570 1947 2603 ecclesie

131 2632 213 2666 alias
243 2633 410 2678 quomodo
440 2633 636 2676 dimittente,
666 2636 856 2679 prepositus
887 2633 962 2665 dicti
993 2634 1197 2673 monasterii⁷
1237 2635 1290 2677 qui
1320 2642 1380 2677 pro
1411 2636 1561 2676 tempore
1590 2631 1702 2673 fuerit,
1740 2642 1800 2676 per
1829 2642 1865 2663 se
1895 2630 1949 2663 vel

129 2693 229 2727 alium
259 2705 373 2728 curam
404 2697 587 2727 animarum
618 2694 916 2740 parrochianorum
947 2693 1095 2726 eiusdem
1126 2692 1271 2726 ecclesie
1299 2703 1423 2736 gerere
1444 2696 1475 2725 et
1497 2703 1663 2725 exercere
1685 2692 1806 2728 valeat,
1836 2691 1950 2724 licen-

1971 666 1986 687 s)

1958 1003 1989 1025 lo

1962 1305 1990 1327 15

1965 2214 1999 2238 :30
