2421 3064
982 228 994 258 l
1000 226 1064 258 :3515
1862 220 1880 251 ἴ)
1887 220 1907 251 9

176 321 254 371 72.
743 354 746 360 -
1435 340 1532 373 1356
1561 340 1636 373 Mas
1662 340 1683 371 5
1718 340 1858 373 (uanas.

110 417 367 461 Entsclaeidemq
397 418 458 451 der
487 417 766 452 Schletlsriehter
804 420 836 451 iu
867 419 927 452 der
956 418 1172 451 Strensache
1209 419 1376 452 zwisalten
1407 419 1479 451 dem
1512 418 1648 462 eapite!
1686 429 1748 450 ron
1781 418 1910 451 (Iltttaee'lz-

107 479 176 512 und
203 478 267 511 den
301 476 327 511 V
328 478 446 511 icaren
478 477 668 511 b'mlisluus
698 479 764 512 und
793 479 894 512 Peter
936 478 1124 523 betreffend
1152 479 1206 512 die
1235 478 1420 522 JCiulfe'mfle
1450 479 1515 511 mul
1548 479 1652 511 deren
1682 478 1907 521 l'ertlwilemy.

262 555 303 602 In
333 571 467 602 nomine
505 569 627 603 domini
666 581 773 603 amen.
818 570 918 604 Anno
948 572 1130 604 nativitatis
1169 569 1317 603 eiusdem
1347 568 1582 607 itr'eCCLvP„
1621 570 1806 603 indiccione
1837 569 1908 611 1Χ·“,

106 634 158 668 die
178 633 222 668 V³¹
251 637 375 669 mensis
405 637 493 668 maii.
524 633 605 667 hora
628 637 743 677 tercia,
773 634 982 681 pontificatus
1012 637 1211 668 sanctissimi
1241 637 1271 668 in
1294 634 1426 668 Christo
1457 638 1558 680 patris
1588 639 1620 667 et
1641 634 1762 667 domini
1785 634 1906 667 domini
1943 640 1958 662 Γ»

106 694 298 729 Innocencii
328 694 438 728 divina
469 695 686 740 providencia
716 707 800 741 pape
829 695 885 729 VI.
925 707 1011 729 anno
1042 695 1111 735 lv„
1147 698 1178 729 in
1208 698 1358 729 sacristia
1398 695 1541 729 ecclesie
1573 695 1816 729 Oloniucensis.
1856 694 1908 727 uhi

105 755 305 801 capitulares
343 759 501 788 tractatus
540 755 749 789 dominorum
792 756 831 789 de
869 756 1012 801 capitulo
1050 757 1198 790 eiusdem
1238 755 1352 789 haberi
1391 760 1652 792 consueverunt,
1696 755 1909 788 honorabiles

104 818 168 850 viri
198 815 320 849 domini
349 818 510 860 magister
538 815 703 849 IIenricus
734 816 879 850 decanus
900 816 1153 850 Cremsiriensis
1183 821 1215 850 et
1244 818 1425 849 canonicus
1447 815 1680 849 Olomucensis
1710 820 1741 849 et
1767 815 1908 848 Sazema

103 875 190 910 dicte
216 875 450 910 Olomucensis
479 880 511 909 et
531 876 711 921 Pragensis
741 877 957 911 ecclesiarum
980 880 1174 913 canonicus.
1200 876 1431 912 arbitratores.
1463 876 1659 910 diffinitores
1689 888 1747 909 seu
1777 879 1908 909 amica-

105 936 189 970 biles
218 939 461 983 compositores
491 939 522 970 in
543 947 642 970 causa
672 940 757 971 inter
785 937 999 971 honorabiles
1020 941 1111 972 viros
1140 937 1292 971 dominos
1313 936 1487 971 Albertmn
1518 937 1691 975 decanuiin
1722 936 1907 970 Johannem

104 999 309 1042 prepositum
348 1001 381 1031 et
410 997 586 1043 capitulum
625 998 769 1032 ecclesie
799 998 1031 1032 Olomneensis
1070 1009 1113 1031 cx
1143 1009 1207 1031 una
1245 1002 1276 1031 et
1305 997 1457 1031 dominos
1486 997 1675 1031 Budislaum
1715 1002 1747 1030 et
1775 996 1907 1030 Petrum

105 1057 286 1092 reverendi
323 1060 355 1091 in
385 1056 518 1091 Christo
547 1060 648 1103 patris
687 1063 719 1091 et
748 1058 869 1092 domini
899 1059 1021 1093 domini
1050 1058 1212 1092 Johannis
1251 1061 1398 1104 episcopi
1429 1058 1662 1091 Olomucensis
1700 1062 1732 1091 et
1761 1057 1907 1090 eiusdem

105 1117 249 1151 ecclesie
278 1120 425 1152 vicarios
463 1122 556 1163 parte
594 1130 638 1152 ex
675 1120 780 1152 altera
811 1122 999 1162 vertente‘fl.
1030 1119 1153 1152 eisdem
1194 1118 1335 1152 dominis
1373 1123 1405 1151 et
1444 1118 1590 1164 partibus
1629 1117 1838 1164 presentibus
1877 1122 1908 1150 et

104 1178 274 1212 arbitrium
305 1181 519 1224 pronunciari
549 1179 747 1224 petentihus‚
774 1182 805 1213 in
827 1183 890 1213 mei
920 1182 1039 1213 notarii
1069 1178 1189 1224 publici
1219 1184 1251 1212 et
1280 1167 1410 1213 testium
1441 1182 1615 1224 presencia
1646 1178 1907 1223 subscriptorum

105 1242 279 1273 memorati
309 1239 430 1273 domini
459 1239 677 1273 arbitratores
707 1240 878 1274 arbitrium
908 1243 941 1274 in
970 1242 1101 1285 seriptis
1130 1239 1285 1284 legerunt
1313 1244 1345 1273 ct
1374 1242 1681 1285 pronunciaverunt
1711 1249 1770 1283 per
1798 1241 1907 1271 omnia
1945 1243 1960 1264 ἵν

105 1303 136 1333 in
165 1299 229 1333 hec
249 1299 374 1333 verba:
404 1299 485 1333 Cum
507 1302 538 1333 in
560 1311 659 1333 causa
682 1303 767 1334 inter
787 1300 1001 1334 honorabiles
1022 1304 1114 1335 viros
1144 1300 1296 1334 dominos
1317 1299 1491 1334 Albertum
1518 1300 1691 1339 decanum,
1722 1298 1907 1332 Johannem

104 1363 308 1407 prepositum
348 1365 380 1394 et
408 1361 584 1406 capitulum
621 1361 765 1395 ecclesie
796 1361 1028 1395 Olomucensis
1066 1372 1109 1395 ex
1140 1363 1221 1394 nna”
1240 1366 1272 1394 et
1305 1361 1457 1394 dominos
1486 1360 1677 1394 Budislaum
1716 1365 1747 1393 et
1776 1359 1907 1392 Petrum

104 1421 285 1455 reverendi
315 1420 438 1455 domini
468 1424 572 1455 nostri
602 1425 749 1467 episcopi
771 1422 1004 1455 Olomucensis
1033 1426 1065 1455 et
1094 1421 1242 1455 eiusdem
1274 1421 1417 1454 ecclesie
1438 1423 1584 1454 vicarios
1614 1425 1708 1466 parte
1738 1431 1781 1453 ex
1806 1420 1907 1453 altera

104 1486 258 1516 vertente
287 1492 387 1527 super
416 1481 708 1516 distrilmcionibus
737 1480 961 1525 cottidia11is‚¹'
990 1493 1071 1528 quas
1092 1481 1152 1516 sibi
1173 1481 1334 1515 ambobus
1363 1486 1396 1514 ut
1423 1484 1479 1514 uni
1509 1492 1552 1514 ex
1582 1483 1752 1514 canonicis
1781 1480 1908 1514 debitas

105 1554 181 1577 esse
211 1541 374 1583 dicebant3
414 1545 445 1576 in
475 1554 536 1576 nos
564 1541 744 1576 Henricum
784 1543 945 1577 decanum
977 1542 1243 1576 Cremsirensem
1279 1546 1311 1575 et
1344 1541 1521 1575 Sazemam
1560 1541 1646 1575 dicte
1677 1540 1908 1574 Olomucensis

105 1608 137 1637 et
164 1603 344 1647 Pragensis
373 1603 591 1637 ecclesiarum
622 1607 819 1637 canonicum
850 1608 1015 1648 tamquam
1046 1606 1076 1636 in
1106 1602 1324 1636 arbitratores
1354 1613 1412 1635 seu
1442 1601 1635 1635 amicabiles
1664 1604 1908 1646 compositores

104 1663 203 1697 fuerit
231 1663 319 1697 nullo
353 1663 564 1709 discrepante
594 1667 872 1710 compromissum
910 1669 941 1697 et
971 1663 1010 1697 ab
1040 1668 1179 1708 utraque
1216 1667 1311 1708 parte
1349 1666 1543 1696 constanter
1571 1664 1782 1708 promissnim
1822 1661 1907 1706 quod

105 1724 259 1769 quidquid
299 1727 330 1757 in
359 1735 460 1758 eausa
500 1724 697 1761 huiusmodi.
726 1711 833 1769 *quam
864 1725 1070 1770 simpliciter,
1100 1724 1140 1757 de
1174 1723 1271 1769 plano
1311 1727 1342 1757 et
1370 1726 1562 1761 summarieq
1600 1725 1671 1756 sine
1710 1726 1848 1767 strepitu
1878 1727 1909 1755 et

105 1784 211 1830 figura
241 1785 350 1818 iudicii
380 1784 532 1831 expediri
562 1784 823 1823 committebant,
862 1796 922 1831 per
960 1796 1020 1818 nos
1058 1784 1270 1818 ordinaretur
1308 1788 1340 1817 et
1365 1783 1572 1827 diffiniretur,
1611 1794 1647 1817 se
1685 1783 1773 1817 velle
1803 1787 1907 1816 ratum

105 1850 138 1880 et
166 1845 294 1879 firmum
325 1844 450 1879 habere
488 1850 519 1879 et
548 1850 664 1879 tenere
693 1857 755 1879 nec
794 1849 826 1879 in
855 1846 963 1890 aliquo
996 1849 1111 1878 eontra
1142 1848 1289 1877 nostram
1320 1843 1555 1877 diffinicionem
1596 1848 1628 1876 et
1656 1843 1906 1876 ordinacionem
1955 1858 1959 1869 ›

104 1909 222 1940 venire
243 1905 349 1939 verbo
369 1906 424 1940 vel
454 1905 554 1950 facto,
585 1906 700 1939 dantes
730 1909 835 1939 eciam
867 1910 896 1939 et
918 1905 1144 1939 concedentes
1173 1904 1269 1938 nobis
1298 1903 1458 1938 ambobus
1488 1915 1607 1950 penam
1637 1908 1751 1937 nostro
1772 1903 1908 1937 arbitrio

104 1966 269 2000 adiciendi
299 1971 414 2000 contra
444 1970 571 2012 partem
602 1977 667 2000 non
696 1970 886 2000 servantem
918 1966 1099 2012 plenariam
1125 1969 1336 2011 potestatem,
1366 1975 1427 1998 nos
1456 1967 1566 2009 itaque
1597 1964 1716 1998 dictum
1747 1975 1908 2010 compro-

104 2030 240 2061 missum
269 2031 480 2060 assumentes
509 2026 668 2061 discussis
698 2026 878 2071 diligenter
907 2026 1070 2070 omnibus7
1101 2037 1164 2070 que
1194 2025 1280 2058 dicte
1310 2029 1422 2071 partes
1452 2036 1564 2058 coram
1595 2024 1690 2058 nobis
1719 2036 1908 2070 proponere

104 2092 320 2130 curaverunt,
359 2091 389 2120 et
421 2091 547 2120 matura
585 2086 831 2120 dehberacione
861 2086 1032 2132 prehabito
1062 2097 1163 2132 super
1192 2089 1253 2121 eis,
1292 2085 1344 2119 dei
1373 2088 1507 2119 nomine
1545 2088 1700 2119 invocato
1731 2084 1908 2119 diffinimus

104 2153 137 2183 et
165 2147 356 2182 diffiniendo
394 2147 615 2191 declaramus,
654 2146 814 2181 ambobus
853 2147 992 2181 dominis
1022 2150 1156 2181 vicariis
1194 2146 1352 2192 predictis
1388 2150 1420 2179 et
1448 2157 1563 2179 eorum
1595 2145 1848 2179 successoribus
1877 2148 1908 2178 in

103 2208 256 2243 omnibus
294 2207 588 2242 distribucionibus
630 2207 860 2242 communibus
898 2212 1020 2241 tantum
1059 2208 1145 2241 solvi
1188 2212 1220 2240 et
1258 2209 1436 2240 ministrari
1475 2205 1611 2250 debere,
1655 2211 1810 2251 quantum
1855 2215 1908 2245 uni

102 2272 265 2304 canonico
304 2268 553 2303 ministrabitur.
601 2268 651 2303 De
689 2273 802 2302 cetero
845 2279 906 2314 per
947 2267 1179 2302 distributores
1222 2278 1239 2300 a
1277 2267 1364 2300 dicto
1407 2266 1550 2312 capitulo
1593 2266 1765 2312 deputatos
1808 2271 1838 2299 et
1876 2269 1908 2299 in

103 2335 273 2376 posterum
304 2329 512 2376 deputandos
549 2340 650 2375 super
678 2331 846 2362 recentis⁰
884 2339 1015 2374 qnoque
1045 2326 1339 2361 distribucionibus
1378 2331 1410 2360 et
1438 2337 1504 2360 non
1533 2326 1650 2360 solutis
1680 2338 1719 2360 ac
1750 2329 1910 2372 expensis

103 2402 164 2437 per
201 2391 369 2437 predictos
398 2393 544 2424 vicarios
582 2388 831 2435 quomodolibet
873 2388 979 2427 factis,
1024 2391 1085 2430 eis,
1128 2399 1201 2421 cum
1241 2390 1331 2433 ipsas
1375 2398 1440 2420 non
1479 2389 1670 2432 petiveriilt‚
1713 2391 1908 2432 perpetuum

1930 942 1960 964 lt!

1927 1544 1960 1567 21)

1928 2148 1961 2170 llll

103 2451 270 2486 silentium
308 2451 462 2485 duximus
491 2449 729 2496 inponendum,
768 2461 868 2495 super
906 2449 1024 2494 quibus
1060 2448 1227 2494 predictos
1258 2445 1409 2481 do'minos
1447 2448 1487 2481 de
1516 2448 1659 2493 capitulo
1688 2447 1910 2481 observandis
1929 2448 1962 2472 ²3⁵³

104 2511 189 2546 infra
229 2512 299 2546 dies
327 2509 437 2545 XVeim
466 2522 483 2544 a
514 2513 660 2556 presenti
690 2514 803 2545 nostra
840 2511 1123 2555 pronunciacione
1153 2508 1394 2553 conputandos.
1433 2518 1516 2553 quos
1546 2511 1594 2541 eis
1624 2518 1683 2554 pro
1722 2510 1910 2542 monicione

103 2575 265 2606 canonica
294 2576 326 2606 et
356 2574 498 2606 termino
540 2573 744 2616 peremtorio
782 2570 987 2616 prefigimus‚
1031 2568 1170 2614 prefatis
1213 2568 1353 2602 dominis
1392 2571 1529 2602 vicariis
1571 2572 1736 2614 patentem
1780 2568 1908 2601 literam

259 2661 287 2688 α)
308 2656 420 2688 Copiar:
441 2650 547 2678 virtute.
601 2654 624 2681 b)
645 2654 756 2687 Copiar:
785 2653 967 2686 ursprunyliclt
988 2653 1084 2676 virtute
1109 2655 1199 2676 sancte
1219 2652 1427 2682 distribueiouis,
1453 2654 1543 2675 sancte
1567 2651 1662 2684 9911191,
1687 2660 1727 2675 am
1749 2652 1836 2675 Raude
1856 2652 1910 2674 lain-

102 2699 222 2731 zuyefiiffl
241 2707 319 2731 super
337 2698 501 2722 cottidianis.
555 2698 578 2728 c)
600 2697 705 2730 Βορέαν.

1775 2745 1805 2766 f<-
