2421 3064
1011 201 1095 233 1354
1882 194 1928 228 53

125 300 167 334 ab
197 299 441 345 impedimentis
480 298 668 343 disbrigarc
706 310 745 332 ac
775 298 964 332 omnimode
1003 297 1171 335 libertare.
1208 302 1305 344 prout
1343 300 1392 331 ius
1423 302 1511 331 terre
1541 296 1693 331 Mox-avie
1734 300 1869 341 requirit
1900 302 1930 330 et

123 363 288 406 exposcit.
337 359 432 400 Quod
462 362 491 393 si
520 370 585 392 uon
622 359 813 401 fecerimus,
843 358 928 403 quod
960 357 1056 395 absit.
1086 358 1288 404 spondemus
1318 357 1381 391 fide
1410 362 1522 392 nostra
1553 362 1713 403 protacta.
1745 358 1783 390 ad
1816 360 1931 390 moui-

124 424 255 454 ciouem
299 420 541 453 antedictorum
590 419 800 453 dominorum
844 419 898 452 vel
947 418 1106 452 heredum
1151 421 1298 464 ipsorum
1342 421 1557 452 incontinenti
1606 417 1741 463 quilibet
1784 422 1931 450 nostrum

126 480 348 527 personaliter
386 491 459 513 cum
497 491 562 513 uno
593 480 715 514 famulo
754 484 786 513 et
815 478 942 513 duobus
981 482 1074 524 equis
1113 481 1144 512 in
1183 481 1318 512 civitate
1348 478 1499 524 'l'hyczin
1538 479 1669 513 domum
1710 478 1838 511 bonesti
1870 482 1932 511 viri

124 541 166 575 ad
196 540 400 587 prefatorum
441 540 648 574 dominorum
686 545 738 574 aut
770 551 884 574 eorum
923 539 1082 573 heredum
1123 542 1316 572 instanciam
1355 539 1450 572 nobis
1480 539 1668 584 deputatam
1704 538 1932 582 obstaginliter

124 606 157 635 et
186 603 407 648 promittimus
436 600 642 635 subintrare:
676 599 943 634 continuantibus
981 598 1076 632 nobis
1105 611 1188 633 vero
1227 602 1258 633 in
1288 599 1440 644 obstagio
1479 599 1641 645 prelibato
1680 599 1929 643 quatuordeeim

124 661 241 696 dicbus
276 664 440 695 continuis
482 661 671 706 priusdictis
714 660 810 695 bonis
848 672 907 706 per
942 672 1002 694 nos
1040 671 1104 693 non
1148 659 1350 704 disbrigatis‚
1386 664 1508 693 extunc
1551 662 1770 705 prenominati
1810 659 1931 692 domini

123 722 273 757 Johanes
302 727 334 755 et
353 721 518 767 Dyrslaus
539 721 593 755 vel
624 732 737 755 eorum
769 721 912 755 heredes
942 723 1145 766 prescriptas
1166 720 1427 765 quadringentas
1457 731 1587 753 mareas
1617 720 1703 766 apud
1725 720 1932 754 Christianos

124 795 184 817 seu
213 782 339 816 Judeos
368 782 457 816 licite
496 785 649 827 recipere
678 787 833 827 poterunt
861 793 900 815 ac
929 780 1096 815 debebunt
1125 786 1237 814 nostra
1267 792 1368 827 super
1397 782 1550 826 dampna.
1584 781 1678 814 nobis
1708 781 1748 814 de
1779 780 1932 825 obstagio

127 843 311 877 nullatenus
350 844 502 886 exituris‚
546 853 718 888 quousque
761 841 920 888 sepelatis
963 841 1104 875 dominis
1147 846 1202 875 aut
1239 853 1354 875 eorum
1398 841 1578 875 heredibus
1620 852 1746 875 summa
1790 844 1931 887 pecunie
1955 845 1985 868 ¹0

124 904 275 950 capitalis
304 914 444 937 unacum
474 906 642 937 universis
671 903 820 949 dampnis
851 914 909 948 per
929 913 989 936 nos
1010 907 1064 936 aut
1084 907 1216 936 nostros
1245 902 1388 936 heredes
1408 923 1458 926 -—
1479 905 1527 936 sic
1547 902 1652 935 nullus
1675 906 1822 935 nostrum
1853 913 1930 936 cum

124 965 296 998 solucione
326 975 385 998 sue
414 966 516 1009 partis
536 974 553 996 a
574 963 746 997 solucione
774 963 898 997 residui
919 962 1018 996 debiti
1038 963 1163 996 solutus
1193 974 1270 996 esse
1290 965 1411 1008 poterit
1430 982 1480 986 ——
1509 962 1676 1008 persoluta
1706 962 1805 995 fuerit
1835 967 1867 995 et
1889 962 1929 996 ad

126 1025 258 1071 plenum
297 1024 463 1070 expedita.
513 1023 652 1069 Insuper
690 1023 923 1066 notiftieamus,
966 1022 1098 1068 quando
1137 1023 1294 1069 predictis
1332 1023 1473 1056 dominis
1502 1023 1555 1056 vel
1599 1033 1712 1056 eorum
1753 1022 1931 1056 heredibus

128 1088 344 1131 priuscriptas
373 1084 635 1130 quadringentas
665 1095 796 1118 marcas
825 1095 897 1117 cum
929 1084 1090 1129 dampnis,
1121 1087 1147 1117 si
1178 1095 1241 1129 que
1270 1088 1347 1117 tunc
1376 1086 1536 1129 temporis
1566 1083 1718 1116 dicuutur
1747 1085 1929 1122 aereuisse‚

126 1146 405 1193 persolverimus,
435 1150 512 1179 tunc
538 1148 598 1191 ipsi
627 1145 722 1179 uobis
751 1145 791 1179 de
811 1144 906 1178 bonis
935 1144 1112 1190 suprafatis
1142 1144 1417 1178 condescendere
1448 1143 1666 1183 tenebuntur;
1697 1143 1755 1177 sed
1778 1143 1933 1188 quamdiu
1954 1145 1986 1169 15»

127 1211 336 1253 prenotatum
367 1206 553 1251 obstagium
589 1217 648 1252 per
677 1217 737 1239 uos
767 1205 967 1250 servabitur,
998 1205 1119 1239 tamdiu
1149 1205 1291 1251 sepel'ati
1329 1205 1452 1239 domini
1481 1209 1535 1238 aut
1564 1215 1784 1238 successores
1816 1215 1932 1237 eorum

126 1266 310 1312 sepefatam
340 1266 575 1300 vendicionem
606 1266 805 1300 tenebuntur
833 1266 1018 1312 possidere.
1049 1266 1084 1299 In
1111 1268 1204 1299 cuius
1234 1268 1282 1299 rei
1312 1268 1534 1299 testimonium
1565 1269 1597 1297 et
1627 1267 1821 1298 memoriam
1851 1275 1933 1297 cer-

127 1330 254 1361 ciorem
284 1331 458 1373 presentes
487 1327 671 1371 sigillorum
702 1331 891 1360 nostrorum
922 1329 1101 1359 munimine
1131 1327 1285 1359 duximus
1313 1325 1568 1359 confirmandas.
1599 1324 1670 1358 Nos
1699 1324 1799 1358 Jesco
1830 1325 1933 1357 dictus

127 1386 230 1421 Cokir
268 1390 470 1433 purgravius
507 1391 539 1421 in
569 1387 720 1421 Prerow.
758 1387 983 1421 Benesschius
1021 1386 1061 1420 de
1091 1386 1224 1420 Stralek
1262 1389 1294 1420 in
1323 1389 1545 1420 testimonium
1585 1390 1616 1419 et
1654 1386 1693 1418 ad
1724 1385 1933 1418 evidenciam

128 1448 311 1493 pleniorem
341 1451 447 1481 eciam
485 1448 591 1492 sigilla
621 1452 734 1481 nostra
773 1447 981 1493 presentibus
1016 1453 1091 1481 suut
1126 1448 1164 1481 ad
1195 1458 1314 1493 preces
1344 1450 1445 1493 ipsius
1475 1447 1589 1481 Uncze
1625 1448 1821 1492 sepescripti
1859 1449 1934 1479 sunt
1952 1447 1986 1473 ΞΗ

127 1519 286 1554 appensa.
325 1508 446 1542 Actum
473 1512 505 1542 et
525 1508 634 1542 datum
656 1510 687 1541 in
709 1507 856 1551 Trubka,
886 1519 972 1542 anno
994 1508 1053 1542 sub
1075 1511 1319 1542 incarnacionis
1349 1508 1472 1541 domini
1502 1507 1675 1540 millesimo
1696 1508 1933 1539 trecentesimo

127 1571 406 1614 quinquagesimo
435 1573 566 1614 quarto,
595 1573 669 1614 post
699 1569 784 1602 diem
814 1572 919 1602 sancti
947 1568 1065 1603 Jacobi
1094 1571 1245 1614 proxima
1276 1569 1328 1602 die
1357 1568 1533 1602 dominica.

437 1638 525 1673 Oriy..
550 1639 638 1673 Peru..
663 1639 755 1664 sielwn
781 1648 816 1664 1111
844 1639 968 1665 l'resselu
995 1639 1140 1674 leanyemle
1164 1638 1273 1673 Sieyel:
1315 1638 1346 1671 Ι)
1378 1640 1396 1670 †
1427 1639 1454 1664 S.
1480 1637 1663 1681 VSKONIS.
1691 1638 1724 1663 l).
1751 1637 1849 1662 CZEN
1870 1657 1875 1662 .
1895 1657 1901 1662 .
1920 1657 1936 1662 ..

544 1690 621 1716 Laese
645 1691 715 1716 nacla
742 1692 832 1717 rerlils
859 1691 1008 1726 yerivltlet:
1049 1692 1081 1723 2)
1106 1690 1293 1717 IESCONIS.
1319 1692 1354 1716 D.
1380 1690 1497 1716 CZIHO
1514 1710 1520 1716 .
1539 1710 1546 1716 .
1564 1710 1581 1716 ..
1615 1689 1689 1715 Helm
1715 1690 1763 1715 mi!
1789 1688 1937 1716 Mulilrad:

545 1742 577 1775 3)
600 1742 755 1768 VLRICE.
783 1744 816 1768 l).
842 1764 848 1769 .
867 1764 872 1769 .
891 1743 1007 1775 CRth,
1039 1742 1191 1775 Selmufel:
1230 1742 1262 1774 4¹)
1293 1744 1310 1774 η’-
1339 1742 1366 1768 S.
1392 1742 1526 1768 ZOWE.
1548 1762 1553 1768 .
1572 1741 1669 1767 ,VON
1700 1741 1841 1767 coiiAR.
1874 1740 1937 1766 Bilcl
1956 1741 1990 1764 25

543 1796 595 1820 *irie
625 1794 669 1820 bei
702 1794 733 1825 13
780 1794 812 1825 5)
839 1796 856 1827 †
881 1794 909 1821 S,
935 1794 1147 1820 SLAVIBORI
1179 1795 1215 1821 D.
1247 1794 1437 1821 BOLELCV,
1469 1793 1532 1819 13in
1563 1795 1612 1819 irie
1643 1792 1686 1818 bei
1720 1792 1752 1821 1;
1795 1792 1828 1824 6)
1860 1794 1877 1823 †
1908 1792 1935 1818 S.

543 1846 719 1872 IESCONIS
752 1856 768 1872 a<
799 1846 940 1872 COKQR.
972 1846 1104 1879 Srlmufel
1127 1848 1176 1871 mi!
1199 1846 1250 1872 der
1274 1846 1363 1880 Spilze
1387 1846 1458 1871 vincli
1486 1849 1583 1876 mitem
1632 1845 1664 1877 7)
1688 1844 1872 1871 BENESSII.
1899 1845 1935 1870 D.

545 1899 607 1925 S'l'.
622 1920 628 1925 .
643 1920 658 1926 ..
682 1898 834 1924 Odi-imus.
851 1914 858 1916 >
873 1914 891 1916 —
914 1898 1071 1932 Witlt'uynu.
1086 1897 1179 1931 fursll.
1205 1897 1535 1932 Scleirarz-enberyisvhes
1552 1896 1666 1924 Archiv.
1692 1896 1725 1922 ll.
1751 1895 1820 1922 253.
1846 1904 1889 1922 ur.
1910 1895 1936 1922 1.

200 2044 280 2093 67
1319 2060 1417 2094 1354
1450 2060 1599 2093 October
1630 2059 1677 2093 10
1712 2059 1884 2093 Bremzor.

132 2132 207 2166 Der
247 2133 400 2166 Convent
434 2133 493 2166 (les
521 2131 914 2166 Benede'ctinerklosters
952 2131 983 2163 iu
1014 2130 1175 2164 Bremeov
1211 2132 1324 2163 nimml
1364 2131 1418 2163 die
1446 2123 1600 2162 ,simissin
1631 2129 1735 2162 Anna
1774 2129 1841 2162 mid
1874 2128 1936 2161 clas
1955 2138 1989 2162 31·

130 2204 242 2237 qanze
283 2192 399 2236 Colley
429 2193 487 2226 des
526 2192 684 2226 Klosters
715 2194 747 2225 in
786 2192 968 2225 Pastomet'·
996 2192 1028 2223 in
1057 2192 1155 2224 sedne
1184 2192 1250 2224 mut
1278 2191 1339 2224 der
1368 2190 1509 2224 Ix'lo'sler
1547 2190 1702 2233 Haiyern
1734 2190 1802 2223 111ch
1829 2189 1939 2222 Polite,

782 2251 1190 2296 Gebetsqetmssensckaft
1218 2253 1290 2296 auf.

288 2322 503 2370 Predborius
533 2336 643 2370 divina
666 2338 888 2368 miseracione
908 2334 1022 2376 abbas,
1052 2333 1260 2379 Ilodysslaus
1290 2337 1393 2379 prior,
1422 2333 1591 2368 Marcialis
1612 2332 1765 2378 subprior
1786 2336 1939 2377 totusque

131 2405 317 2435 conventus
355 2402 492 2435 fratrum
529 2404 722 2435 monasterii
752 2400 1026 2433 Brewnoviensis
1055 2399 1179 2432 ordinis
1209 2402 1313 2433 sancti
1343 2398 1526 2441 Benedicti‚
1558 2397 1738 2442 Pragensis
1768 2397 1936 2443 dyocesis.

132 2461 269 2496 Dilectis
299 2467 331 2495 et
360 2462 490 2496 devotis
520 2461 641 2496 Christi
671 2464 803 2507 sponsis
841 2472 879 2493 ae
909 2459 1094 2503 virginibus
1133 2459 1195 2493 deo
1225 2459 1398 2494 dedicatis.
1429 2458 1614 2492 venerabili
1654 2458 1786 2491 domiue
1815 2455 1939 2490 Anneb
1959 2464 1993 2487 237»

131 2521 299 2556 abbatisse
329 2525 453 2567 totique
482 2522 627 2567 collegio
652 2532 750 2555 sacro
780 2520 909 2554 cenobii
943 2520 994 2553 Ad
1024 2519 1204 2553 Infanciam
1237 2519 1422 2553 Salvatoris
1454 2522 1484 2552 in
1513 2518 1681 2564 Pustymir
1710 2520 1826 2551 votive
1855 2529 1940 2564 pro-

132 2585 300 2627 speritatis
339 2582 448 2616 felicia
488 2585 693 2616 incrementa
733 2586 763 2615 et
802 2581 842 2614 ad
872 2586 986 2614 eterne
1025 2580 1138 2614 salutis
1167 2583 1292 2625 premia
1331 2582 1522 2625 pervenire.
1572 2578 1652 2612 Cum
1693 2579 1802 2613 divina
1838 2589 1940 2623 opera

288 2660 314 2689 a)
337 2659 406 2689 Ονίῃ.
470 2657 495 2691 b)
516 2658 566 2681 Der
586 2658 663 2681 Nume
683 2658 735 2688 auf
751 2657 844 2680 ltasnr.
