2421 3064
1027 226 1038 256 l
1045 225 1108 257 406
1889 222 1909 254 3
1915 223 1934 256 S
1940 222 1960 255 9

160 320 280 353 fuerint
311 322 479 363 resignata
510 325 541 353 et
571 332 743 365 quousque
773 324 882 355 omnia
913 326 942 354 et
964 322 1094 365 singula
1117 323 1271 368 dampna.
1302 327 1450 368 sumptus
1472 328 1501 356 et
1524 335 1685 368 expense,
1715 336 1778 368 que
1800 325 1960 369 prefatum

159 380 327 413 dominum
359 379 581 414 Laczkoncm.
625 392 703 414 suos
742 381 885 415 heredes
914 393 972 415 seu
1003 382 1218 416 manulideles
1249 384 1373 417 taem-0.
1418 387 1492 428 pati.
1532 388 1696 418 sustinere
1727 390 1756 417 et
1788 388 1962 430 percipere

159 443 337 484 contigerit
366 443 396 473 in
426 441 548 473 iudicio
577 442 630 474 vel
661 446 755 475 extra
786 442 942 475 iudicium
973 443 1162 488 equitando.
1197 446 1335 476 nuncios
1365 445 1539 481 dirigendo
1569 456 1626 478 seu
1657 446 1721 478 alio
1742 446 1962 490 quovismodo

160 512 221 547 per
257 511 318 534 nos
348 504 427 545 ipsis
456 502 553 546 plene
583 507 612 534 et
643 505 672 535 in
705 507 773 535 toto
803 503 921 536 fuerint
953 503 1132 548 persoluta.
1177 502 1216 536 Et
1246 507 1351 536 eciam
1383 507 1519 548 prestito
1550 516 1608 550 per
1637 516 1696 538 nos
1725 505 1878 549 obstagio
1908 506 1962 539 vel

161 572 226 595 non
256 564 394 606 prestito
425 566 496 606 post
527 562 675 606 prefatos
705 566 863 596 terminos
894 568 925 596 et
955 566 1198 596 ammonit-ione
1227 563 1322 596 nobis
1352 564 1435 596 facta
1468 569 1539 609 post
1568 566 1818 609 (piatum-decim
1840 566 1909 599 dies
1931 570 1961 598 et
2000 571 2016 592 ι’»

160 624 355 667 prescriptis
385 625 557 666 promissis
587 634 646 668 pei·
676 634 735 656 nos
765 624 908 657 nondum
939 623 1128 657 observatis
1158 628 1189 656 ut
1219 627 1372 669 superius
1393 630 1621 669 expressatur.
1652 630 1774 659 extunc
1795 630 1964 671 pretactus

161 682 313 715 dominus
343 681 486 716 Laczko.
516 685 564 715 sui
597 682 739 716 liert—des
769 695 826 717 seu
858 684 1072 717 manulideles
1101 695 1201 729 super
1230 695 1291 717 nos
1320 689 1351 717 et
1381 696 1481 730 super
1509 689 1652 719 munium
1684 691 1830 719 nostrum
1862 687 1963 719 dam-

160 754 223 788 pna
254 745 362 776 omnia
393 748 423 775 et
453 743 583 787 singula
615 743 753 788 dampna
785 743 826 777 ob
857 756 919 777 uon
950 744 1228 778 observacionem
1260 745 1482 790 predictorum
1514 750 1752 790 promissorum
1781 751 1964 789 contracta,

161 807 253 836 recte
282 807 391 836 tamen
422 807 454 835 ct
482 807 634 848 patenter
663 803 788 848 absque
818 807 1010 838 iuramentis
1041 808 1187 839 ostensa.
1218 808 1303 838 inter
1323 804 1530 839 Christianos
1560 818 1616 839 scu
1638 807 1763 840 Judeos
1784 807 1965 852 recipiendi

160 863 291 908 plenam
322 863 447 896 habere.
477 863 643 897 debebunt
672 869 701 896 ct
734 864 852 897 liabent
884 870 1094 910 potestatem.
1126 865 1359 899 nichilominus
1389 870 1496 898 tamen
1528 867 1567 899 de
1597 866 1748 911 obstagio
1778 867 1964 901 nullatenus

160 923 255 957 nobis
285 927 417 966 exituri,
448 924 556 957 donec
585 927 693 957 omnia
725 929 755 957 et
784 926 912 963 sing-ula
944 929 1106 970 promissa
1138 937 1198 959 una
1229 937 1303 959 cum
1334 925 1485 960 omnibus
1515 931 1545 960 ct
1576 928 1714 971 singulis
1744 928 1892 972 dampnis
1922 926 1963 960 ob

161 995 226 1017 non
256 985 462 1018 solucionem
491 988 730 1029 premissorum
761 989 941 1019 contractis
971 987 1068 1031 plene
1098 991 1130 1020 et
1159 988 1366 1031 integraliter
1393 987 1514 1020 fuerint
1536 988 1716 1033 persoluta.
1748 988 1781 1021 In
1803 991 1896 1021 cuius
1917 990 1965 1021 rei

161 1047 388 1078 testimonium
418 1045 525 1090 sigilla
556 1050 667 1078 nostra
698 1049 829 1091 propi-ia
861 1047 900 1079 de
921 1051 1011 1079 certa
1034 1052 1145 1080 nostra
1167 1050 1311 1080 sciencia
1333 1047 1542 1092 presentibus
1563 1053 1635 1081 sunt
1657 1060 1813 1093 appensa.
1845 1048 1964 1081 Datum

163 1104 385 1151 XVrssiczi‘b.
407 1106 460 1139 die
482 1110 511 1139 et
534 1106 619 1139 festo
641 1110 744 1139 sancti
766 1106 922 1151 Gregorii
945 1118 1039 1153 pape.
1062 1119 1148 1140 anno
1169 1108 1291 1140 domini
1313 1108 1486 1141 millesimo
1508 1108 1836 1153 quadringentesimo
1857 1113 1965 1141 sexto.

472 1184 559 1219 Orio..
580 1184 670 1219 Pero..
695 1185 892 1219 ursprunqlirh
911 1186 926 1211 7
943 1186 1038 1220 Sieyel
1051 1195 1089 1211 an
1108 1186 1254 1212 Presselu:
1283 1186 1312 1219 1)
1338 1186 1365 1213 S.
1385 1187 1590 1212 WACZLAW
1617 1187 1823 1212 DoLoPLAZ
1847 1187 1877 1221 Τ
1903 1189 1968 1212 arei

575 1237 694 1270 svlzruqe
721 1237 823 1262 Bam-en
850 1240 885 1263 ιἰη
903 1238 1014 1263 Svln‘lde
1039 1239 1096 1264 nm!
1120 1238 1152 1264 οΙ)
1177 1239 1236 1264 (lem
1256 1238 1348 1264 Helm?
1374 1239 1391 1264 2
1417 1239 1488 1264 nacte
1512 1238 1585 1264 liulfs
1608 1239 1764 1273 (seirendele
1781 1239 1968 1273 Adlerltnpfe5

579 1288 610 1320 2)
643 1289 827 1315 llANNVSY
857 1295 873 1311 *
899 1291 922 1314 1)
950 1295 966 1311 ⁴*t
992 1291 1207 1317 DOLOPLAS.
1238 1290 1301 1316 Bilcl
1325 1292 1375 1316 irie
1398 1290 1441 1315 bei
1468 1290 1504 1323 1;
1541 1291 1573 1319 3)
1599 1290 1626 1317 S.
1652 1291 1885 1316 PRZEDBoRV
1916 1291 1968 1316 DE

578 1340 778 1366 ZYMHVRK.
811 1341 1036 1377 Zinilnzryisrhes
1066 1342 1204 1376 ll'appen;
1243 1342 1275 1372 4)
1299 1342 1326 1368 S.
1352 1343 1403 1368 AL
1422 1362 1428 1368 .
1446 1363 1452 1368 .
1471 1363 1476 1368 .
1507 1342 1720 1376 DULOPLAS,
1754 1345 1819 1368 urei
1850 1343 1968 1377 seliruqe

579 1392 702 1421 Bsslltt‘tl:
729 1394 760 1425 5)
782 1393 870 1426 seltll:
896 1394 928 1425 (ἰ)
953 1396 996 1420 ein
1022 1395 1093 1420 nach
1118 1394 1192 1420 Iinlrs
1214 1394 1390 1428 qerrendeter
1415 1393 1492 1419 Lmre
1516 1394 1548 1419 ob
1573 1395 1632 1419 (lem
1655 1394 1756 1420 llelme.
1780 1395 1826 1420 die
1843 1394 1969 1428 [Amenda

578 1444 766 1472 nnleserlich:
792 1445 822 1475 7)
840 1446 868 1472 S.
888 1446 1081 1472 WSEssoRII
1106 1446 1158 1471 DE
1182 1445 1376 1473 DVBCZAN.
1403 1447 1468 1471 :urei
1484 1447 1628 1472 Seerosen.
1647 1461 1688 1465 fl
1706 1446 1862 1481 Wittinqun,
1874 1446 1967 1479 sursll.

577 1496 908 1531 sclusa1=zpnber51is‹·l1es
932 1498 1036 1523 Archiv
1063 1497 1096 1525 ΙΙ.
1124 1497 1192 1525 117,
1217 1506 1261 1523 nr.
1282 1496 1307 1524 1.

234 1667 350 1716 446.
1598 1686 1695 1719 1406
1724 1687 1827 1731 April
1854 1686 1912 1720 23.

1986 877 2019 901 lo

1988 1191 2021 1215 15

1987 1450 2023 1473 ‘go

166 1754 240 1788 Der
268 1754 628 1798 Anyuste'nereoncent
661 1756 693 1787 in
724 1755 925 1788 Lanslslfron
955 1756 1112 1789 sclaliesst
1141 1758 1199 1789 mi!
1227 1757 1298 1789 dem
1330 1756 1685 1799 ΑιιῃιιείίηενσοηνεηΙ
1714 1758 1745 1788 in
1776 1755 1967 1799 Sternbery
2009 1801 2011 1803 ι

928 1816 1216 1861 Confi-atemimt.

320 1885 362 1932 In
391 1902 525 1932 nomine
554 1899 675 1932 domini
706 1910 813 1932 amen.
846 1900 1009 1939 Quoniam
1038 1898 1220 1931 secundum
1250 1898 1434 1944 apostolum
1457 1910 1573 1932 omnes
1595 1910 1691 1931 unuin
1714 1908 1835 1944 corpus
1855 1906 1993 1931 sumus‘

165 1961 197 1992 in
218 1958 362 1995 Christo.
392 1958 551 1992 debemus
581 1962 728 1992 caritatis
757 1959 914 2005 operibus
945 1959 1116 1992 ferventer
1144 1959 1328 1993 intendere.
1358 1970 1400 1992 ne
1430 1959 1618 1992 scindamur
1638 1958 1678 1991 al)
1700 1958 1795 1992 liuius
1815 1961 1968 2004 corporis

165 2022 302 2063 unitata
346 2031 410 2065 que
439 2023 543 2053 eciam
575 2023 680 2064 magis
709 2031 768 2065 pro
799 2020 861 2053 illis
892 2020 967 2053 liunt
998 2022 1202 2055 necessario,
1243 2022 1296 2064 qui
1326 2022 1389 2052 iam
1419 2024 1514 2052 extra
1545 2019 1692 2052 merendi
1721 2023 1841 2052 statum
1872 2021 1969 2064 positi

166 2083 413 2114 transeuncium
456 2091 616 2125 penarum
658 2079 842 2113 subduntur
883 2082 997 2123 rigori.
1046 2079 1188 2112 Proinde
1231 2091 1314 2124 ergo
1350 2079 1446 2113 nobis
1484 2080 1577 2112 fratri
1616 2079 1762 2112 Henrico
1800 2082 1969 2124 preposito

167 2143 359 2175 monasterii
399 2145 513 2174 sancte
542 2139 648 2174 Marte
684 2143 716 2173 in
746 2139 961 2173 Lanczkrona
1002 2143 1237 2173 canonicorum
1277 2140 1479 2184 regularium
1518 2140 1644 2174 ordinis
1674 2140 1759 2173 beati
1789 2141 1968 2184 Augustini

166 2201 458 2235 Lutliomisslensis
496 2201 641 2233 diocesis
679 2205 709 2233 et
747 2199 904 2233 fratribus
934 2203 1056 2233 nostris
1086 2201 1162 2233 utilt¹
1191 2205 1221 2233 et
1251 2200 1383 2234 salubre
1413 2203 1519 2233 visum
1550 2200 1619 2237 fuit,
1662 2201 1746 2245 quod
1778 2211 1836 2245 pro
1866 2202 1969 2233 nostri

165 2272 297 2295 necnon
319 2261 598 2305 Sternbergensis
628 2264 863 2294 monasterium
895 2263 1126 2305 preteritorum
1158 2264 1188 2293 et
1220 2260 1404 2294 futurorum
1434 2260 1589 2293 fratribus
1619 2260 1790 2304 defunctis
1813 2260 1968 2304 suffragia

166 2324 198 2355 in
228 2324 349 2356 missis.
379 2321 513 2367 psalmis
542 2326 573 2354 et
603 2320 814 2354 oracionibus
837 2323 959 2354 sanctis
982 2320 1108 2354 tierent.
1138 2325 1300 2365 quatenus
1320 2320 1418 2354 iidem
1440 2321 1561 2354 fratres
1582 2324 1696 2365 gracia
1717 2322 1769 2354 dei
1789 2320 1970 2366 opitulante

167 2382 206 2415 ad
245 2385 338 2415 curie
367 2382 501 2416 celestis
530 2381 651 2426 gaudia
682 2381 824 2415 celerius
854 2384 1080 2426 pervenirent.
1124 2380 1174 2413 De
1204 2380 1341 2414 fratrum
1372 2384 1481 2426 itaque
1510 2386 1699 2414 nostrorum
1729 2392 1859 2414 necnon
1888 2392 1970 2426 pre-

167 2445 263 2487 positi
292 2445 515 2488 prenominati
543 2446 576 2475 et
604 2446 791 2475 conventus
822 2445 923 2487 ipsius
953 2452 1118 2474 consensu
1149 2443 1180 2474 in
1211 2440 1344 2475 domino
1374 2444 1459 2474 inter
1487 2452 1547 2474 nos
1572 2441 1779 2474 fraternitate
1800 2446 1970 2474 contracta

167 2502 391 2537 decrevimus.
422 2507 455 2535 ut
483 2502 595 2535 fratris
624 2502 767 2547 professi
789 2505 883 2535 unius
904 2502 956 2535 vel
978 2502 1116 2547 plurium
1139 2504 1243 2534 nostri
1264 2504 1338 2535 sive
1358 2501 1497 2547 predicti
1518 2504 1549 2534 in
1572 2501 1759 2546 Sternberg
1779 2504 1970 2535 monasterii
2010 2513 2020 2516 ·

168 2562 220 2596 die
249 2562 358 2596 obitus
388 2566 536 2596 intimato
566 2566 668 2608 ipsius
696 2563 752 2596 vel
782 2566 925 2608 ipsorum
956 2566 987 2595 in
1018 2561 1212 2594 kalendario
1242 2561 1429 2595 nominibus
1459 2564 1602 2606 scriptis,
1632 2562 1766 2607 psalmis
1791 2564 1969 2603 consuetis,

168 2624 295 2658 scilicet
333 2623 468 2667 „Verba
511 2635 583 2657 mea
629 2625 715 2656 etc.“
767 2626 796 2656 in
845 2622 987 2668 capitulo
1035 2627 1065 2655 et
1109 2621 1230 2665 vigiliis
1276 2621 1455 2655 maioribus
1502 2621 1596 2655 lectis
1642 2625 1673 2655 in
1711 2621 1827 2661 choro,
1870 2624 1971 2654 missa

169 2683 403 2718 defunctorum
442 2688 700 2728 consequenter,
743 2694 803 2729 pro
841 2686 942 2728 ipsius
972 2693 1030 2715 seu
1060 2685 1207 2727 ipsorum
1237 2681 1408 2715 animabus
1438 2686 1600 2718 cantetur.
1642 2684 1694 2715 cui
1723 2682 1761 2715 ad
1792 2692 1970 2715 commen-

1989 2211 2024 2235 30
