2421 3064
973 225 1055 256 1:3⁸ss
1842 218 1915 251 2⁸29

103 327 235 363 stitutis„
267 326 320 368 qui
347 322 557 368 presentibus
579 324 707 356 fueritis
733 326 895 368 requisitu
918 323 1057 356 salutem
1080 324 1108 354 in
1132 321 1266 354 domino
1288 326 1317 353 et
1342 322 1504 354 mandatis
1526 324 1647 354 uostris
1669 332 1781 366 ymmo
1804 325 1915 353 verius

103 384 296 430 apostolicis
326 384 464 417 lii-miter
493 383 641 417 obedire.
673 386 834 424 Quamvis
864 383 984 417 dudum
1017 381 1226 415 reverendus
1257 384 1286 414 iu
1317 381 1450 414 stu-islo
1481 386 1574 427 pater
1604 382 1756 414 dominus
1786 381 1914 424 Augu-

102 447 207 478 stinus
246 446 423 489 episcopus
462 443 645 477 l'enneusis
684 444 813 488 collega
851 448 967 476 noster
1002 443 1211 487 supradictus
1250 442 1344 474 datus
1383 447 1546 475 executor
1584 453 1646 475 uua
1677 452 1750 474 cuin
1782 441 1915 474 domino

103 504 360 550 archiepiscopo
392 503 550 547 Prae-ensi
581 509 610 536 et
642 503 813 537 uobiscum
843 503 882 537 ad
913 502 1145 548 exequendam
1175 502 1339 546 quandam
1370 506 1575 535 sentenciam
1598 502 1694 535 latam
1725 513 1785 547 per
1805 513 1914 534 reve-

103 564 242 598 rendum
273 567 302 597 in
325 564 458 597 t'liristo
488 569 614 609 patrem
636 569 668 597 et
689 564 855 597 domiuum
877 564 1045 597 dominum
1068 562 1340 595 Bai-tholomeum
1362 565 1555 607 episcopum
1578 562 1815 596 Luceriensem
1837 562 1912 595 oliui
1952 568 1968 590 ι’»

102 628 191 659 sacri
212 625 329 670 palacii
359 625 532 669 apostolici
563 636 738 658 causarum
769 625 953 658 auditorem
984 626 1015 657 iu
1045 634 1145 657 causa
1169 627 1322 656 vertente
1345 625 1430 655 inter
1451 622 1663 656 venerabiles
1685 627 1715 655 et
1736 622 1915 659 religiosos

104 688 196 719 viros
226 684 378 718 abbatem
409 689 440 717 et
469 689 671 717 conventum
703 687 894 718 monasterii
917 684 1076 717 Luceiisis
1106 688 1198 729 parte
1227 694 1268 716 ex
1301 694 1366 716 uua
1395 694 1433 715 ae
1466 682 1609 715 t'lrieum
1642 688 1673 715 et
1702 682 1914 715 Jankonem²⁴

103 746 144 778 dc
174 745 345 779 llerolticz
375 748 563 787 armigeros
593 746 678 779 dicte
718 746 861 778 diocesis
892 745 1125 778 (llomucensis
1168 748 1261 789 parte
1291 754 1333 776 ex
1364 743 1467 776 altera
1498 747 1677 776 occasione
1708 744 1915 777 desercionis

103 806 340 852 appellacionis
383 808 578 850 interposite
621 806 659 838 ad
704 806 817 839 sedem
862 805 1077 851 apostolicam
1118 807 1192 837 vice
1235 808 1267 837 et
1308 806 1442 836 nomine
1486 803 1644 836 laicorum
1688 803 1912 848 predictorum

103 878 121 899 a
152 865 293 911 quadam
324 869 496 899 sentencia
528 866 699 898 dill'mitiva
730 866 850 899 dudum
882 866 944 899 lata
976 877 1034 910 per
1063 865 1230 898 dominum
1268 863 1397 897 Petrum
1429 864 1504 897 olim
1535 863 1687 897 abbatem
1719 867 1912 897 monasterii

104 926 296 960 Milocensis
335 929 437 971 ipsius
476 925 796 959 Premoustratcnsis
835 926 959 959 ordinis
996 926 1080 959 dicte
1120 925 1264 959 diocesis
1304 924 1482 969 Pragensis
1521 936 1580 969 pro
1618 928 1695 970 ipsis
1734 924 1852 958 abbate
1882 930 1912 958 et

103 991 273 1021 conventu
304 989 496 1020 monasterii
517 984 700 1019 Lucensis''
735 991 826 1031 parte
856 998 897 1019 ex
929 987 1033 1019 altera
1064 997 1164 1031 super
1193 986 1281 1019 villis
1303 985 1435 1029 Rotigel
1465 990 1497 1019 et.
1520 985 1732 1019 l'olwiowicz
1762 997 1801 1018 ac
1829 986 1913 1019 silva

103 1048 190 1081 dieta
220 1047 407 1093 Apczwald
437 1058 476 1080 ac
505 1058 607 1092 super
636 1050 750 1092 pratiS.
790 1050 933 1092 pascuis
969 1047 1097 1088 rivulis,
1126 1057 1287 1091 aquarum
1317 1046 1512 1079 decursibus
1541 1058 1580 1079 ac
1610 1046 1734 1079 iuribus
1764 1051 1794 1079 et
1824 1057 1913 1091 per-

105 1111 278 1142 tinenciis
309 1108 493 1141 eorundem
532 1108 570 1141 ad
608 1110 783 1141 instantem
824 1110 1023 1153 peticionem
1064 1107 1226 1140 dictorum
1265 1107 1473 1140 dominorum
1509 1106 1636 1139 abbatis
1665 1111 1697 1139 et
1727 1111 1913 1139 conventus

105 1171 299 1202 monasterii
329 1168 490 1201 Lucensis
528 1172 640 1201 certos
677 1167 795 1201 fecerit
834 1178 1015 1213 processus
1053 1167 1218 1200 adversus
1257 1167 1392 1200 eosdem
1424 1166 1624 1200 Jankonem.
1656 1166 1841 1200 Erbardum
1872 1167 1912 1199 de
1961 1179 1966 1191 ¹

104 1228 273 1262 llerclticz
302 1239 342 1261 ac
371 1228 454 1262 alios
484 1228 666 1262 eorundem
698 1227 860 1261 bonorum
891 1232 1124 1273 occupatores,
1154 1228 1283 1261 illicitos
1313 1228 1505 1260 detentores
1535 1232 1564 1259 et
1596 1231 1740 1260 intrusos
1771 1230 1802 1260 iu
1833 1230 1910 1260 eis-

104 1290 179 1322 dem
208 1289 297 1322 villis
327 1289 466 1325 fructus,
503 1288 651 1322 redditus
690 1293 721 1321 et
759 1293 942 1334 proventus
981 1291 1217 1333 percipientes,
1256 1292 1353 1333 prout
1392 1287 1453 1321 bos
1490 1291 1521 1321 in
1560 1291 1696 1321 civitate
1726 1292 1757 1321 et
1787 1288 1912 1321 diocesi

104 1350 320 1382 (ilomucensi
350 1349 567 1394 solempniter
597 1348 763 1382 mandavit
796 1348 967 1393 publicari.
990 1348 1196 1393 eosdemque
1216 1348 1402 1382 Jankonem
1425 1353 1457 1381 et
1476 1348 1665 1382 Erbardum
1688 1348 1728 1381 de
1746 1348 1913 1381 llerolticz

103 1415 305 1455 ceterosque
335 1413 480 1455 ipsarum
510 1410 663 1443 villarum
694 1414 725 1442 et
753 1409 914 1442 bonorum
937 1413 1172 1454 occupatores.
1202 1409 1333 1442 illicitos
1355 1409 1549 1442 detentores
1571 1412 1700 1442 moneri
1721 1408 1850 1442 fecerit.
1880 1413 1913 1441 ut

104 1471 189 1504 inl'ra
219 1482 281 1504 sex
311 1471 381 1505 dies
403 1467 502 1518 [post]
526 1473 747 1503 municionem
770 1473 943 1515 proximos
965 1470 1069 1503 dictos
1091 1470 1243 1503 dominos
1264 1469 1417 1503 abbatem
1441 1474 1472 1502 et
1493 1474 1696 1503 conventum
1718 1472 1911 1502 monasterii

104 1531 265 1565 Lucensis
294 1531 450 1564 antedicti
479 1530 535 1564 vel
566 1542 680 1563 eorum
704 1530 884 1568 legitimum
907 1535 1160 1575 procuratorem
1183 1530 1221 1563 ad
1244 1530 1454 1575 corporalem
1477 1533 1726 1576 possessionem
1748 1530 1910 1563 dictarum

105 1592 270 1634 villarum,
300 1592 397 1627 silvei
426 1596 609 1637 pratorum.
642 1602 854 1636 pascuorum,
884 1590 1080 1626 rivulorum.
1111 1601 1283 1635 aquarum.
1314 1593 1432 1624 iurium
1464 1595 1495 1623 et
1524 1593 1779 1636 pertinencium*
1815 1590 1911 1623 fruc-

102 1657 205 1695 tuum,
236 1652 422 1686 reddituum
452 1656 484 1686 et
512 1656 735 1697 proventuum
765 1651 891 1696 absque
921 1651 1111 1684 difficultate
1136 1655 1168 1684 et
1188 1650 1459 1684 contradiccione
1479 1650 1679 1696 quibuslibet
1700 1651 1912 1684 admitterent

104 1724 142 1746 ac
171 1713 212 1746 ab
241 1715 481 1758 occupacione.
525 1713 725 1746 detencione
754 1717 786 1745 et
815 1715 998 1745 intrusione
1029 1712 1189 1745 dictarum
1221 1711 1386 1754 villarum,
1424 1712 1509 1745 silve
1548 1715 1762 1756 ipsorumque
1793 1714 1911 1744 iurium

103 1779 133 1808 ct
164 1776 447 1819 pertinenciarum
478 1773 679 1806 desisterent
708 1775 865 1818 ipsasque
895 1772 989 1805 villas
1019 1777 1050 1805 et
1079 1772 1208 1811 silvam,
1240 1776 1332 1817 prata
1363 1777 1394 1805 et
1424 1783 1546 1817 pascua
1577 1783 1616 1805 ac
1638 1772 1699 1805 alia
1721 1772 1911 1817 supradicta

103 1845 243 1868 unacum
275 1837 421 1879 ipsorum
453 1833 627 1875 fructibus,
666 1832 860 1875 redditibus,
899 1831 1130 1878 proventibusq
1169 1832 1306 1865 iuribus.
1342 1835 1557 1877 pertinenciis
1586 1837 1618 1866 et
1647 1832 1912 1865 obvenciouibus

103 1897 272 1928 universis
302 1894 460 1940 predictis
491 1893 625 1927 domino
655 1893 763 1926 abbati
794 1898 824 1926 et
853 1897 1034 1927 conventui
1065 1895 1258 1926 monasterii
1279 1892 1439 1926 Lucensis
1468 1892 1523 1925 vel
1553 1903 1668 1926 eorum
1700 1895 1913 1937 procuratori

103 1955 207 1990 libere
237 1954 400 2000 expedire
429 1959 459 1987 et
490 1957 601 1999 quiete
631 1954 833 1987 dimitterent
863 1964 990 1998 eosque
1019 1953 1172 1986 abbatem
1207 1957 1238 1985 et
1267 1957 1470 1985 conventum
1501 1952 1555 1985 vei
1593 1963 1707 1985 eorum
1738 1963 1911 1998 procura-

100 2021 207 2049 torem
237 2016 461 2061 predictarum
493 2015 646 2048 villarum
678 2025 750 2047 cum
781 2014 877 2048 silva.
910 2017 1021 2059 pratis.
1052 2016 1184 2059 pascuis
1214 2018 1244 2045 et
1275 2013 1346 2045 aliis
1376 2013 1575 2058 supradictis
1597 2016 1784 2057 iuriumque
1806 2013 1908 2046 fruc-

101 2082 203 2118 tuum,
234 2075 433 2117 reddituum7
463 2080 685 2120 proventuum
718 2080 748 2107 et
779 2074 1024 2107 obvencionum
1047 2073 1230 2107 eorundem
1252 2076 1466 2118 omniumque
1487 2078 1517 2106 et
1539 2074 1744 2117 singulorum
1769 2073 1910 2119 predic-

101 2142 210 2170 torum
239 2138 470 2182 permitterent
498 2135 636 2181 pacifica
666 2138 881 2180 possessione
911 2134 1060 2175 gaudere
1090 2137 1205 2178 eisque
1235 2133 1356 2166 nullum
1383 2133 1542 2179 deinceps
1564 2134 1834 2179 impedimentum
1857 2134 1911 2167 vel

101 2196 309 2231 obstaculum
339 2207 440 2242 super
469 2196 565 2229 dictis
595 2196 693 2230 villis.
723 2196 818 2229 silva.
849 2198 962 2240 pratis.
994 2197 1127 2240 pascuis
1157 2198 1189 2227 et
1209 2194 1280 2227 aliis
1303 2197 1539 2239 suprascriptis
1562 2194 1753 2239 iuribusquc
1774 2198 1806 2227 et
1826 2205 1911 2239 per-

103 2261 254 2292 tinenciis
283 2269 322 2290 ac
351 2257 526 2299 fructibus,
556 2256 750 2298 redditibus,
781 2255 998 2301 proventibus
1028 2266 1067 2288 ac
1096 2254 1361 2288 obvenciouibus
1390 2266 1450 2300 per
1470 2265 1507 2288 se
1529 2255 1580 2288 vel
1607 2255 1689 2288 alios
1710 2259 1910 2300 prestarent.

101 2318 229 2353 scilicet
258 2321 291 2351 in
319 2322 475 2362 quantum
507 2320 537 2350 in
568 2319 616 2350 eis
646 2321 735 2350 esset
755 2321 786 2349 et
806 2318 988 2361 pertineret
1010 2315 1050 2348 de
1071 2314 1243 2357 fructibus,
1274 2314 1467 2358 redditibus,
1498 2314 1624 2348 iuribus
1645 2319 1676 2348 et
1696 2318 1911 2361 pertinenciis

102 2381 269 2412 universis
298 2377 425 2411 eisdem
455 2377 564 2411 abbati
595 2382 626 2410 et
655 2379 834 2411 conventui
865 2378 1058 2409 monasterii
1096 2375 1256 2409 Lucensis
1290 2375 1536 2421 responderent
1565 2387 1603 2408 ac
1634 2375 1785 2409 facerent
1815 2379 1909 2409 inte-

100 2439 242 2484 graliter
262 2438 481 2484 responderi;
510 2438 696 2482 feceritque
717 2442 749 2471 et
769 2438 920 2471 similiter
941 2439 1070 2469 moneri
1091 2435 1310 2478 Pesskonem,
1338 2436 1510 2469 Andrean]
1533 2441 1564 2469 et
1584 2436 1786 2470 Hanussium
1809 2441 1910 2469 cete-

100 2510 224 2544 rosque
252 2499 379 2532 incolas
408 2501 510 2544 ipsius
540 2498 621 2532 ville
651 2498 785 2542 Rotigel
814 2498 895 2530 alias
929 2496 1127 2529 Rotiknicze
1148 2497 1232 2538 (sic)
1253 2496 1384 2542 publice
1406 2500 1437 2530 in
1467 2497 1612 2530 ecclesia
1642 2496 1791 2530 eiusdem
1820 2496 1911 2530 ville.

99 2560 232 2605 quando
263 2562 369 2593 maior
398 2570 474 2604 pars
504 2559 615 2604 populi
644 2559 785 2593 alluerit.
816 2563 847 2590 et
877 2560 981 2590 eciam
1004 2560 1036 2590 in
1057 2556 1133 2590 villa
1156 2556 1358 2590 Pokoiovicz
1380 2557 1910 2597 nwietonium.wenczeslaum,

256 2654 285 2679 ιι)
304 2652 375 2675 'solil
395 2652 569 2675 versehrieben
590 2653 634 2682 fui·
653 2651 802 2675 Jankonem
825 2656 849 2674 et
872 2650 1026 2673 lirin-mlum.
1048 2651 1093 2672 ieie
1112 2653 1180 2672 sons!
1201 2651 1297 2674 immor.
1415 2650 1439 2678 b>
1460 2650 1522 2673 Hier
1543 2650 1594 2672 und
1612 2654 1699 2681 spalei-
1719 2651 1785 2681 after
1805 2650 1909 2673 Lieens,

101 2695 125 2727 c)
146 2695 218 2727 Fulge
237 2697 292 2719 eine
312 2696 398 2719 Hasui·
418 2703 465 2718 ton
486 2696 514 2718 11
537 2703 584 2718 cm-

1934 869 1967 893 lt)

1930 2074 1951 2099 3(
1959 2078 1965 2096 )

1931 2691 1963 2714 41)
