2421 3064
979 238 1060 270 1:3⁸2
1849 234 1915 266 1517

107 334 296 381 inprovide,
335 334 394 368 sed
424 346 506 368 sano
546 338 730 380 principum
770 341 800 369 et
832 336 992 370 baronum
1032 338 1126 380 regni
1167 339 1269 369 nostri
1302 335 1437 368 Boemie
1476 336 1660 369 accedente
1699 337 1838 369 consilio
1879 338 1916 369 ad

108 396 237 429 laudem
277 396 328 429 dei
367 398 603 440 omnipotentis
642 401 671 429 et
707 397 847 440 gloriam
889 400 1027 442 eiusque
1067 399 1179 430 matris
1210 396 1315 429 Mai-ie
1345 399 1485 432 vii-einis
1522 397 1670 439 gloriose
1708 408 1838 429 necnon
1879 398 1916 430 ad

108 456 270 490 honorem
307 456 491 490 inclitorum
533 459 701 489 martirum
735 457 941 491 U'enceslai.
981 460 1035 501 qui
1065 460 1220 502 princeps
1251 456 1451 490 Boemorum
1493 468 1557 490 non
1597 457 1702 490 solum
1740 468 1917 502 corporum

104 518 163 551 sed
194 521 377 552 animarum
408 528 553 562 querens
579 517 729 550 salutem.
761 523 966 563 propagator
995 517 1184 551 orthodoxe
1214 517 1300 557 tidei,
1323 518 1552 550 venerandum
1583 521 1654 551 eius
1675 529 1797 563 corpus
1818 518 1916 551 velud

105 589 214 621 agnus
257 581 418 612 innocens
461 580 669 621 iniquissimo
715 578 885 611 t'ratricide
932 589 996 611 non
1040 588 1275 623 expavescens
1319 589 1490 622 exponere
1533 578 1681 614 glorioso
1725 582 1917 612 certaminis
1956 584 1971 604 s·

106 638 272 684 triumpho
301 638 442 684 palmam
474 640 610 671 martirii
634 641 749 671 meruit
781 643 809 671 et
832 643 947 672 eterna
969 640 1074 682 gloria
1097 641 1205 671 extitit
1226 641 1412 682 insignitus.
1444 638 1592 671 Mauricii
1615 638 1746 672 adlethe
1768 639 1820 671 dei
1842 639 1916 671 t'or-

105 702 221 733 tissimi
250 699 402 744 signiferi
432 702 463 731 et
483 699 688 743 primipilarii
720 699 804 731 illius
835 700 920 732 alme
942 699 1084 744 legionis
1104 698 1340 732 Theobeorum
1362 699 1458 739 (sies,
1481 702 1532 742 qui
1556 710 1614 743 pro
1637 698 1757 732 Christi
1780 702 1913 732 nomine

105 763 228 805 spretis
258 759 368 793 mundi
390 758 590 792 vanitatibus
613 762 793 792 martirium
816 759 997 795 subierant.
1027 762 1132 793 sancti
1154 770 1285 804 quoque
1307 758 1452 792 Cristini.
1483 762 1537 803 qui
1559 762 1706 792 martirio
1728 759 1916 792 decoratus.

106 823 160 853 cui
190 820 343 853 dominus
372 822 582 864 omnipotens
613 819 710 852 tatem
741 824 888 863 graciam
920 821 1073 864 dignatus
1104 825 1151 853 est
1183 819 1320 853 donare.
1358 819 1445 864 quod
1477 824 1506 852 ut
1534 824 1630 853 vates
1651 825 1679 853 et
1704 820 1866 866 propheta
1888 823 1917 852 in

108 885 215 914 morte
254 883 360 913 eciam
399 880 506 913 futura
547 883 765 924 pronuncciet
804 885 833 912 et
867 881 954 913 velut
998 880 1082 913 alter
1119 891 1301 926 precursor
1339 880 1462 913 domini
1501 880 1540 912 ad
1579 884 1800 925 penitenciam
1841 892 1919 914 suos

107 941 250 975 famulos
279 941 510 975 miraculosius
549 940 758 974 exhortetur.
798 946 896 985 atque
935 941 976 974 ol)
1011 941 1076 974 divi
1107 940 1272 986 quondam
1303 940 1418 974 Kal-oli
1448 940 1675 974 Romanorum
1707 944 1919 986 imperatoris

106 1006 139 1035 et
171 1002 308 1035 Boemie
338 1004 427 1045 regis
449 1005 479 1034 et
502 1000 682 1034 recolende
712 1004 885 1043 memorie.
916 1001 1196 1046 predecessorum
1227 1006 1417 1034 nostrorum
1448 1012 1564 1045 regum
1587 1000 1724 1035 Boemie
1755 1007 1784 1034 et
1807 1006 1920 1035 nostre

107 1065 290 1096 animarum
321 1061 460 1095 salutem
491 1060 621 1106 prefato
652 1060 838 1094 venerabili
869 1061 966 1093 l'etro
997 1064 1155 1107 episcopo
1187 1061 1401 1094 Oloniucensi
1431 1064 1510 1094 suis.
1542 1062 1686 1095 ecclesie
1717 1066 1746 1095 et
1777 1073 1920 1095 succes-—

107 1123 241 1157 soribus
271 1122 418 1156 eiusdem
449 1122 593 1155 ecclesie
624 1121 857 1155 Olomucensis
888 1125 1053 1166 episcopis
1088 1126 1119 1155 et
1149 1133 1263 1155 mense
1293 1133 1407 1155 eorum
1439 1122 1629 1167 supradicta
1661 1122 1860 1155 fortalicium
1891 1127 1921 1155 et

109 1184 206 1217 villas
244 1183 463 1216 Drzewczicz
501 1187 533 1215 et
571 1181 751 1227 l'opowicz
795 1193 867 1214 cum
907 1181 1060 1215 omnibus
1099 1186 1243 1228 ipsarum
1284 1182 1408 1216 iuribus
1444 1187 1475 1215 et
1514 1186 1728 1228 pertinenciis
1767 1195 1807 1216 eo
1838 1186 1919 1215 iure.
1961 1187 1974 1208 ’ν

108 1247 194 1278 sieut
232 1244 381 1290 prefatus
420 1243 596 1276 Ileinricus
635 1244 751 1276 eadem
791 1242 989 1275 fortalicium
1033 1247 1064 1275 et
1104 1243 1199 1276 villas
1239 1243 1394 1276 habuisse
1433 1248 1464 1276 et
1502 1244 1695 1289 possedisse
1725 1244 1920 1277 dinoscitur.

109 1304 376 1347 inviscerandas,
407 1303 684 1349 incorporandas.
716 1303 942 1348 applicandas.
973 1303 1146 1337 uniendas.
1177 1304 1407 1348 adiungendas
1438 1308 1469 1337 et
1499 1303 1746 1337 confirmandas
1768 1304 1922 1337 duximus

110 1369 267 1411 ipsasque
305 1368 563 1399 invisceramus.
603 1364 819 1409 applicamus.
859 1367 1000 1398 iniimus.
1041 1363 1252 1408 adiungimus
1290 1369 1322 1398 et
1351 1365 1391 1398 de
1421 1369 1512 1397 certa
1553 1370 1665 1398 nostra
1706 1368 1851 1398 sciencia
1890 1370 1919 1397 et

109 1429 308 1460 auctoritate
345 1428 440 1470 regia
476 1425 616 1458 Boemie
654 1426 844 1470 supradicta
885 1430 1046 1471 perpetuo
1086 1436 1252 1469 nunquam
1283 1437 1299 1458 a
1331 1436 1444 1458 mensa
1484 1426 1646 1458 dictorum
1687 1428 1919 1470 episcoporum

111 1487 319 1521 vendendas.
362 1486 554 1519 alienandus
597 1497 657 1519 seu
696 1489 726 1519 iu
767 1490 834 1519 toto
873 1486 926 1518 vet
966 1489 996 1519 iu
1028 1490 1121 1530 parte
1159 1485 1390 1519 distrahendas
1420 1497 1480 1531 per
1510 1486 1746 1519 Olomucensis
1776 1486 1920 1518 ecclesie

110 1551 289 1594 episcopos
323 1559 381 1581 seu
412 1547 588 1593 capitulum
619 1549 809 1591 graciosius
840 1547 1075 1580 confirmamus
1114 1546 1319 1592 prefatisque
1349 1547 1539 1580 vendicioni
1578 1551 1610 1580 et
1640 1549 1804 1591 empcioni
1835 1557 1921 1579 con—

111 1619 246 1642 sensum
278 1611 403 1654 pariter
441 1612 471 1641 et
502 1618 676 1641 assensum
712 1610 921 1652 impartimur
958 1612 987 1640 et
1018 1607 1198 1651 benignius
1229 1606 1436 1640 adhibemus.
1486 1607 1648 1640 Volumus
1678 1610 1796 1640 eciam.
1837 1606 1922 1651 quod

112 1673 144 1703 in
182 1680 261 1703 casu
305 1680 369 1714 quo
407 1668 633 1714 supradictum
674 1668 804 1701 Petrum
846 1668 1106 1701 Oloniuceusem
1146 1671 1354 1713 episcopum.
1399 1670 1582 1713 principem
1626 1672 1658 1701 et
1696 1668 1922 1701 consiliarium

112 1734 261 1763 nostrum
293 1730 446 1763 dilectum
469 1729 507 1762 ad
529 1729 625 1762 aliam
657 1732 866 1765 eontineeret
899 1728 1074 1762 transferri
1104 1729 1295 1761 eeclesiam.
1326 1729 1411 1773 quod
1443 1731 1513 1773 ipse
1543 1728 1582 1761 ad
1604 1731 1672 1761 vite
1694 1739 1752 1761 sue
1774 1733 1923 1772 tempora

112 1791 259 1836 predicta
298 1790 499 1824 fortalicium
543 1794 573 1822 et
613 1790 708 1823 villas
748 1790 967 1823 Drzewczicz
1010 1794 1039 1822 et
1077 1789 1256 1834 Popowicz
1299 1800 1362 1822 una
1402 1800 1475 1822 cum
1520 1792 1665 1834 ipsarum
1709 1791 1923 1834 pertinenciis
1944 1790 1971 1814 ἱῖ

112 1854 280 1885 universis
319 1851 456 1884 habere.
496 1855 622 1884 tenere.
663 1850 837 1895 possidere
876 1855 906 1883 et
937 1853 984 1882 eis
1023 1853 1066 1882 uti
1106 1854 1136 1883 et
1168 1850 1230 1882 t'rui
1271 1849 1389 1883 debeat
1429 1849 1554 1894 absque
1591 1849 1864 1882 contradiceione
1894 1853 1925 1881 et

112 1911 350 1956 impedimento
387 1922 621 1945 suceessorum
662 1914 764 1956 ipsius
803 1914 1039 1956 episcoporum
1072 1911 1358 1943 (ttomuceusium.
1399 1913 1440 1942 ita
1471 1914 1591 1948 tamen,
1631 1909 1718 1953 quod
1753 1913 1826 1954 post
1856 1911 1925 1942 eius

114 1977 254 2006 mortem
300 1972 340 2005 ad
389 1972 524 2005 eosdem
565 1975 636 2005 eius
676 1983 894 2005 successores
933 1975 964 2004 et
1005 1982 1151 2003 mensam
1192 1970 1417 2015 episcopalem
1457 1970 1563 2003 modis
1603 1974 1634 2002 et
1673 1969 1926 2003 condicionibus

111 2033 311 2078 supradictis
341 2037 565 2066 revertantur.
614 2031 701 2066 Nulli
731 2043 814 2076 ergo
845 2035 979 2065 omnino
1020 2031 1187 2064 hominum
1227 2031 1324 2064 liccat
1355 2030 1439 2063 hanc
1479 2035 1593 2063 nostre
1631 2032 1920 2063 invisceracionis.

113 2096 413 2139 incorporacionis.
442 2096 586 2126 unionis.
609 2093 857 2138 applieacionis.
889 2092 1105 2125 adiuneisniis.
1138 2090 1407 2124 confirmacionis
1428 2095 1459 2123 ct
1481 2101 1666 2124 consensus
1688 2093 1790 2123 nostri
1813 2090 1925 2123 dona-

113 2157 220 2188 cionis
250 2157 406 2200 paginam
436 2154 622 2198 infringere
651 2158 705 2186 aut
742 2157 771 2186 ei
801 2155 920 2198 quovis
959 2164 1039 2185 ausu
1071 2154 1250 2185 temerario
1280 2150 1528 2196 quomodolibet
1559 2153 1738 2183 contraire.
1789 2149 1823 2183 Si
1854 2152 1926 2194 quis

114 2219 224 2248 autem
268 2226 366 2248 secus
409 2218 606 2260 attemptare
650 2217 904 2259 presumpserit,
948 2213 1217 2257 indignacionem
1263 2215 1409 2244 nostram
1454 2213 1689 2255 gravissimam
1733 2215 1764 2243 et
1807 2221 1926 2255 penam

114 2279 247 2309 centum
284 2286 471 2308 marcarum
510 2277 581 2307 auri
619 2277 691 2319 puri
729 2285 765 2307 se
795 2277 926 2307 noverit
965 2276 1187 2306 incursurum.
1227 2283 1365 2316 quarum
1406 2271 1617 2305 medietatem
1657 2271 1783 2315 regatis
1823 2273 1926 2303 nostri

115 2339 215 2370 erarii
245 2338 318 2369 sive
348 2335 431 2369 fisci.
461 2334 629 2368 residuam
651 2346 734 2368 vero
764 2339 891 2380 partem
923 2334 1017 2367 dictis
1039 2333 1255 2366 Olomucensi
1286 2335 1444 2378 episcopo
1466 2336 1498 2365 et
1518 2332 1662 2365 ecclesie
1692 2342 1751 2364 sue
1773 2334 1926 2364 iniuriam

116 2407 290 2442 passorum
313 2397 397 2439 (sic)
420 2394 532 2429 usibus
561 2396 772 2429 decernimus
793 2395 1034 2440 applicandam.
1067 2393 1185 2426 Testes
1207 2393 1302 2426 huius
1324 2396 1371 2425 rei
1392 2397 1487 2425 sunt:
1518 2391 1731 2425 venerabiles
1752 2391 1925 2425 Johannes

115 2457 391 2502 archiepiscopus
420 2456 600 2500 Pragensis
638 2456 821 2501 apostolice
861 2455 949 2488 sedis
988 2454 1128 2498 legatus.
1168 2456 1336 2499 princeps,
1376 2452 1595 2485 cancellarius
1634 2456 1663 2485 et
1704 2452 1926 2485 consiliarius.

116 2517 350 2551 Theodericus
379 2516 607 2560 Tarbatensis.
637 2516 809 2550 Johannes
838 2515 1125 2549 Luthomuslensis
1155 2517 1314 2558 episcopi.
1346 2514 1489 2547 illustres
1515 2513 1662 2546 Jodocus
1692 2517 1723 2545 et
1744 2512 1928 2557 Procopius

116 2577 238 2611 fratres
268 2577 481 2611 marchiones
510 2577 664 2611 Mal-avie
694 2580 799 2622 patrui
830 2579 947 2609 nostri.
986 2574 1185 2607 Przimstaus
1214 2573 1467 2616 Teschiuensis.
1502 2573 1687 2606 Buncztaus
1716 2572 1927 2617 Lignicensis

117 2642 150 2671 et
178 2637 331 2672 Przimko
362 2637 563 2683 Opaviensis
592 2637 707 2671 duces.
746 2636 946 2682 spectabiles
976 2635 1172 2680 Rudolphus
1202 2635 1242 2667 de
1271 2633 1461 2679 Habspurg.
1505 2632 1677 2666 Johannes
1706 2633 1927 2677 langgravius

118 2697 445 2742 Luchembergensis
474 2701 624 2735 comites.
668 2697 795 2731 nobiles
825 2696 994 2730 Johanues
1024 2695 1065 2728 de
1093 2694 1317 2738 Rosemberg,
1348 2693 1467 2727 Thimo
1498 2693 1538 2726 de
1563 2692 1709 2727 Coldicz.
1740 2693 1856 2727 Petrus
1887 2693 1927 2726 de

1944 886 1973 908 lt»

1941 1489 1975 1509 η’]

1947 2092 1980 2115 :3⁴¹

1946 2398 1979 2422 35

1953 2698 1980 2721 lii
