2421 3064
971 244 1053 276 1:393
1839 241 1858 271 :3
1865 240 1884 271 Ο
1891 240 1911 271 3

93 339 268 385 cipiendas
305 342 533 383 assignamus.
581 340 671 380 Quas
709 341 840 385 quidem
880 340 961 374 duas
1001 352 1131 374 marcas
1161 344 1191 373 in
1222 340 1307 374 festo
1337 345 1630 376 annuneciacionis
1664 347 1778 375 sancte
1807 342 1912 376 Mario

94 399 222 445 absque
251 402 339 433 omni
370 399 605 445 impedimento
636 411 694 434 seu
716 401 911 446 prolacione
932 401 986 442 (Ἣ
1013 401 1122 434 abbati
1144 406 1176 434 et
1196 405 1375 435 conventui
1398 402 1554 447 predictis
1575 402 1710 436 solvere
1732 407 1764 436 et
1784 413 1910 448 pagare

94 463 317 506 promittimus
355 471 435 505 pura
466 460 530 494 side
560 472 620 506 per
648 472 708 495 nos
737 472 1022 507 successoresque
1051 466 1198 504 nostros,
1239 464 1293 506 qui
1323 462 1451 507 prefata
1480 462 1565 496 bona
1595 463 1755 507 legittime
1785 474 1911 508 posse-

96 521 205 554 derint
241 523 399 566 ipsosque
438 521 478 554 ad
517 520 602 554 lianc
640 522 845 555 solucionem
880 524 990 555 arcius
1028 525 1175 567 presenti
1214 525 1334 567 pagina
1373 525 1607 567 constringere
1646 523 1913 568 irrefragibiliter

93 580 325 625 sathagamus,
355 580 608 614 condicionibus
637 586 745 615 tamen
777 581 894 615 talibus
922 581 1142 623 subinclusis;
1181 582 1338 616 videlicet
1367 583 1452 627 quod
1483 583 1601 628 prefati
1630 583 1732 617 abbas
1762 588 1793 617 et
1822 595 1911 617 con-
1950 590 1965 610 Γ»

95 645 216 675 ventus
245 640 341 675 nobis
369 646 402 675 et
430 641 684 675 successoribus
704 646 828 676 nostris
857 643 996 687 singulis
1021 645 1116 676 annis
1138 647 1212 689 post
1232 642 1352 677 festum
1374 647 1668 677 annuncciacionis
1690 644 1787 677 beate
1807 644 1913 679 Marie

94 701 148 735 die
177 701 356 735 inmediate
384 704 537 747 sequenti
566 702 620 735 vel
649 713 713 747 que
743 705 847 748 prima
875 714 1002 737 vacans
1031 703 1130 737 fuerit
1158 706 1426 738 anniversarium
1456 704 1640 750 solempne,
1671 710 1703 738 ut
1728 708 1830 739 moris
1852 710 1912 747 est,

95 773 264 808 peragere
293 761 436 796 debeant
465 763 654 808 fratresque
683 767 854 808 portantes
883 763 1012 809 pondus
1042 764 1107 798 diei
1136 769 1168 798 et
1197 768 1287 798 estus
1316 764 1371 798 illo
1401 764 1453 798 die
1483 765 1523 798 de
1552 777 1653 799 censu
1684 765 1851 799 antedicto
1881 769 1912 799 in

95 822 278 857 refectorio
316 826 478 857 recreari.
522 828 554 856 ut
592 826 653 868 ipsi
691 824 814 857 exinde
852 824 949 858 deum
983 836 1043 870 pro
1073 824 1167 858 nobis
1197 825 1537 871 antecessoribusque
1566 829 1689 860 nostris
1719 826 1912 860 fervencius

95 894 242 917 exorare
271 888 458 917 teneantur.
490 883 710 918 Addicientes
739 888 857 926 eciam,
887 885 973 930 quod
1003 888 1029 919 si
1059 897 1120 919 nos
1149 885 1361 931 heredesque
1390 889 1495 920 nostri
1525 891 1588 920 tam
1619 892 1793 933 presentes
1815 899 1911 932 quam

92 947 243 978 secuturi
272 947 336 977 iam
367 943 489 978 dictum
520 956 655 978 censum
686 945 825 978 duarum
856 956 1055 989 marcarum,
1086 949 1135 979 sic
1158 950 1192 979 ut
1212 946 1391 991 prefertur.
1421 949 1485 980 iam
1508 946 1603 980 dictis
1624 946 1780 981 fratribus
1802 947 1911 981 abbati

95 1009 130 1038 et
157 1007 338 1039 conventui
368 1008 560 1038 monasterii
581 1005 861 1050 welegradensis
891 1017 1056 1039 censuare
1085 1006 1126 1040 de
1154 1006 1334 1052 sepedictis
1362 1006 1459 1040 bonis
1483 1011 1516 1040 et
1535 1010 1626 1041 curia
1648 1008 1822 1046 nollemus,
1853 1008 1910 1041 sed

93 1069 165 1111 ipsa
200 1064 287 1099 bona
325 1064 527 1099 hereditarie
565 1065 740 1111 possidere
778 1065 893 1109 libera,
940 1071 1064 1100 extunc
1106 1078 1172 1100 non
1210 1067 1398 1101 tenebimur
1435 1070 1513 1113 ipsis
1552 1067 1708 1102 fratribus
1746 1072 1776 1102 in
1806 1071 1909 1113 equi-

95 1126 220 1160 valenti
250 1137 380 1159 summe
409 1129 550 1171 pecunie
580 1129 697 1171 viginti
723 1137 911 1159 marcarum
932 1138 993 1172 pro
1014 1138 1117 1161 censu
1137 1131 1324 1173 prescripto
1345 1128 1554 1171 satisfacere,
1576 1128 1635 1162 sed
1656 1128 1732 1163 alibi
1753 1128 1911 1162 ubicum-

93 1197 160 1232 que
197 1186 361 1228 locorum,
403 1190 500 1231 prout
538 1186 634 1219 nobis
673 1191 704 1220 et
741 1189 803 1232 ipsi
839 1190 1021 1221 conventui
1055 1187 1172 1221 melius
1200 1187 1368 1222 videbitur
1396 1189 1571 1234 expedire,
1600 1191 1680 1234 ipsis
1710 1189 1910 1223 antedictum
1953 1193 1961 1197 ⁹

94 1258 234 1281 censum
264 1257 324 1292 pro
354 1257 482 1279 summa
512 1249 631 1291 viginti
661 1258 847 1281 marcarum
878 1258 938 1293 per
966 1258 1027 1282 nos
1047 1259 1333 1294 successoresque
1354 1254 1488 1283 nostros
1508 1252 1593 1283 iusto
1615 1253 1799 1295 empcionis
1819 1249 1913 1283 titulo

93 1310 314 1353 astringimur
342 1318 553 1352 comparare,
592 1311 634 1341 ita
665 1308 751 1352 quod
781 1310 842 1353 ipsi
871 1307 981 1341 abbati
1009 1312 1042 1341 et
1071 1312 1251 1343 conventui
1281 1309 1543 1354 &Velegradensi
1572 1310 1762 1356 sepedictus
1792 1321 1913 1344 census

93 1371 191 1401 annis
234 1368 373 1412 singulis
415 1370 447 1401 in
490 1372 687 1414 perpetuum
730 1379 747 1401 a
790 1367 885 1402 nobis
927 1368 1249 1414 successoribusque
1291 1373 1414 1404 nostris
1457 1381 1670 1415 quocumque
1712 1375 1914 1405 censeantur

95 1431 230 1462 nomine
258 1428 469 1473 integraliter
497 1431 569 1462 sine
598 1428 705 1473 aliqua
735 1431 921 1463 renitencia
950 1428 1095 1463 debeant
1123 1433 1314 1464 ministrari.
1358 1430 1453 1472 Quod
1483 1434 1522 1475 si,
1562 1431 1648 1476 quod
1678 1431 1774 1475 absit,
1804 1431 1913 1476 aliquo

95 1500 177 1524 casu
206 1492 470 1535 interrumpente
498 1500 559 1534 per
586 1499 648 1523 nos
677 1500 908 1534 sequacesque
936 1494 1070 1523 nostros
1099 1501 1340 1536 quoscumque,
1370 1494 1424 1537 qui
1454 1491 1539 1526 bona
1569 1492 1687 1526 eadem
1711 1495 1743 1526 in
1764 1495 1912 1538 presenti

96 1553 265 1584 tenuerint
293 1550 348 1584 vel
377 1549 565 1592 habuerint,
595 1552 628 1583 in
657 1549 768 1583 futuro
798 1554 853 1583 aut
881 1550 1081 1596 ubicumque
1110 1552 1259 1585 locorum
1281 1554 1343 1597 ipsi
1364 1555 1569 1586 monasterio
1589 1557 1758 1598 pretactus
1780 1564 1914 1595 census,

97 1607 180 1659 [qui]
198 1613 283 1645 iusto
299 1613 483 1656 empcionis
500 1610 591 1644 titulo
608 1613 798 1654 assignatus
816 1611 869 1644 vel
885 1612 1123 1646 accomodatus
1135 1612 1245 1655 fuerit,
1258 1624 1319 1658 per
1335 1624 1395 1646 nos
1411 1624 1644 1659 sequacesque
1661 1619 1794 1648 nostros
1806 1616 1914 1648 satis-

82 1672 220 1712 ,factum
249 1683 316 1706 non
345 1671 457 1715 fuerit,
487 1683 532 1705 ex
560 1676 637 1705 tunc
665 1675 887 1717 prenominati
916 1671 1018 1705 abbas
1047 1677 1080 1706 et
1107 1677 1295 1706 conventus
1324 1673 1456 1718 plenam
1487 1678 1519 1707 et
1547 1673 1685 1708 liberam
1716 1678 1913 1720 potestatem

95 1733 255 1776 habeant,
285 1732 438 1766 homines
466 1737 600 1766 nostros
628 1736 661 1766 in
690 1733 869 1778 sepedictis
898 1733 994 1766 bonis
1023 1733 1145 1779 ubique
1173 1734 1323 1767 locorum
1350 1744 1492 1779 prensos
1512 1734 1712 1777 arrestandn
1742 1734 1913 1768 detinendi

97 1799 131 1828 et
157 1793 391 1840 inpignerandi
422 1794 544 1827 tamdiu
573 1797 606 1827 et
635 1795 768 1828 totiens,
798 1793 906 1826 donec
935 1793 1060 1827 eisdem
1091 1793 1250 1828 fratribus
1279 1794 1319 1827 de
1340 1797 1486 1840 ipsorum
1509 1805 1612 1828 censu
1633 1800 1665 1828 et
1685 1795 1835 1841 dampnis
1856 1806 1915 1841 per
1934 1797 1961 1808 ·’

96 1866 159 1889 nos
187 1859 221 1888 et
248 1864 469 1888 successores
497 1858 631 1887 nostros
660 1857 692 1887 in
721 1865 852 1887 omnem
883 1858 1038 1887 eventum
1068 1854 1166 1900 plene
1195 1853 1294 1887 fuerit
1313 1854 1530 1889 satisfactum.
1560 1855 1597 1888 In
1626 1858 1719 1889 cuius
1744 1858 1793 1889 rei
1815 1858 1914 1889 testi-

99 1918 245 1950 monium
283 1915 391 1959 sigilla
420 1918 586 1957 nostrum,
626 1913 832 1957 similini-ii,
867 1914 1057 1948 Onschonis
1086 1919 1118 1947 et
1146 1914 1292 1960 Almuzy
1322 1914 1483 1949 heredum
1512 1926 1663 1949 meorum
1692 1920 1725 1949 et
1753 1916 1793 1949 ad
1822 1919 1914 1962 peti-

97 1979 229 2010 cionem
258 1980 406 2009 nostram
437 1975 657 2009 discretorum
687 1977 839 2009 virorum
866 1974 1030 2008 Jeronimi
1059 1974 1099 2008 de
1128 1973 1355 2018 Puchlowicz‚
1391 1975 1595 2021 Proczywes
1626 1975 1666 2009 de
1695 1975 1913 2019 Pawlowiez‚

96 2035 308 2071 Johankonis
344 2036 385 2069 de
414 2035 579 2070 Rossczin
616 2035 827 2081 presentibus
865 2040 941 2069 sunt
978 2046 1137 2081 appensa.
1184 2035 1304 2069 Datum
1343 2040 1377 2069 et
1413 2040 1522 2069 actum
1561 2039 1592 2070 in
1630 2036 1760 2082 prefato
1799 2041 1914 2070 nostro

99 2099 317 2140 monasterio‚
347 2106 434 2130 anno
464 2095 588 2129 domini
617 2094 1000 2138 MUCCOEXLX'XHP,
1030 2095 1082 2129 die
1111 2098 1216 2129 sancti
1235 2095 1353 2130 Jacobi
1383 2096 1524 2142 apostoli
1553 2096 1705 2141 gloriosi.

410 2165 556 2198 Abschrift
579 2174 655 2192 saec.
680 2165 734 2191 XV
756 2168 791 2191 im
821 2166 934 2199 „Codes
964 2165 1220 2202 tt'elelirnde11sis22,
1251 2166 1302 2199 fol.
1322 2166 1371 2193 56.
1399 2183 1437 2185 —
1462 2166 1568 2194 Brunn.
1603 2166 1823 2199 Landesarrln'v,
1852 2167 1914 2193 Art.

521 2217 670 2244 f'r'elelzrad
695 2218 725 2244 G.
744 2217 792 2250 ΙΙΙ,
821 2216 890 2244 191.

172 2406 287 2456 347.
1241 2423 1339 2457 1393
1372 2423 1521 2457 October
1554 2423 1600 2457 18
1629 2436 1690 2458 cor
1719 2424 1857 2458 essens.

100 2491 294 2527 Schrez‘ben
334 2494 392 2527 des
422 2492 654 2536 Pressburyer
686 2493 814 2538 Grafen
846 2492 965 2526 Stibor
1003 2504 1067 2525 con
1098 2492 1274 2526 Stiboricz
1311 2505 1354 2525 (ιη
1395 2494 1456 2526 den
1487 2492 1625 2537 Βὶῐιῃεν
1654 2494 1854 2538 Kz'ezmeqel
1881 2495 1912 2527 in

542 2552 734 2597 Pressburq
765 2564 879 2597 weqen
914 2547 1096 2597 [beryabe
1124 2555 1220 2587 einer
1250 2553 1472 2587 Geldsnmme.

258 2621 435 2670 Stiborius
473 2635 513 2669 de
543 2634 720 2678 Stiboriez‚
763 2646 876 2669 comes
905 2635 1133 2678 Pozoniensis,
1176 2635 1262 2669 fideli
1297 2646 1357 2669 suo
1395 2635 1548 2681 prudenti
1587 2639 1661 2669 viro
1691 2636 1778 2669 dicto
1807 2635 1913 2669 Kicz-

103 2695 215 2741 megel
243 2699 310 2730 civi
329 2696 541 2739 Pozoniensi‚
571 2699 678 2730 amieo
708 2695 885 2730 karissimo
915 2700 945 2729 et
972 2695 1147 2730 amicabili.
1178 2695 1322 2730 PetImus
1344 2700 1376 2729 et
1396 2707 1567 2740 rogamus,
1598 2700 1759 2742 quatenus
1780 2701 1911 2730 centurn

1936 892 1966 915 w

1932 1498 1966 1520 20

1934 2099 1955 2122 :31
1962 2101 1967 2119 ι
