2421 3064
979 238 1062 269 1:383
1854 237 1885 269 2⁴
1894 237 1928 269 >7

113 337 145 366 et
184 332 306 366 firmari
347 335 525 378 petivimus
565 337 754 367 testimonio
794 335 991 368 litterarum.
1041 335 1199 369 Sabbato.
1239 337 1290 369 die
1330 340 1358 369 iu
1399 341 1544 371 crastino
1584 342 1687 371 sancti
1724 339 1925 373 Leonbardi.

112 404 200 426 anno
231 392 353 426 domini
386 393 557 426 millesimo
590 398 824 428 trecentesimo
854 399 1086 439 octuagesimo
1118 400 1225 428 tertio.

423 463 601 496 zllisr'hiv'ftt‘H
627 474 701 490 sama
730 465 748 489 il
762 465 816 491 ΙἸΙ.
842 468 877 491 im
906 466 983 491 Fasr.
1004 465 1045 491 [A
1055 465 1097 491 IX.
1122 466 1161 491 ΙΙΙ.
1182 467 1201 491 ,l
1227 467 1279 491 ιΙιἸ·
1298 466 1428 492 lit-uuum*
1445 468 1577 493 vamleu.
1603 478 1686 493 son-w
1709 478 1743 493 am
1762 470 1859 494 ‘'aalm-
1877 471 1928 494 dei·

529 517 733 541 seri-musetum
760 518 922 552 Sammlunsl
949 518 981 544 ll.
1007 527 1050 544 ιη’.
1072 517 1139 544 127.
1163 528 1189 552 μ.
1213 518 1280 543 lv&
1328 535 1345 536 ψ
1373 519 1477 544 Bruma.
1505 520 1728 546 lmmlvsnrvlm:

183 660 298 709 240.
1314 681 1410 714 [3153
1442 682 1633 715 Xoremlwi·
1666 683 1707 716 II
1741 684 1872 717 Brumt.

117 746 331 780 Theodora-le
373 746 585 791 ll'alzenfyol.
628 748 765 792 Bali-917·
796 760 857 782 ron
881 750 1009 784 Bretina.
1052 751 1119 783 mul
1146 753 1241 783 sesne
1263 751 1357 783 Fran
1380 751 1580 784 [sothai-iim
1613 753 1799 797 rerlmnsen
1832 754 1927 786 ihren

271 807 348 852 llos
374 807 576 852 „Stee'nhos'”
611 811 642 841 iu
675 809 843 843 ,tuln-mm
874 823 917 843 (ιη
947 811 1125 843 Jolumnes
1158 811 1294 844 Glawer
1323 823 1388 843 frou
1421 811 1536 844 Littmz
1567 814 1634 845 aad
1663 814 1782 845 ates-sen

544 870 637 903 Fran
669 871 822 903 Alnsrltu
855 883 904 903 {lm
935 870 984 903 (m
1015 871 1116 904 Μαι-Ιι·
1146 871 1280 915 Praqer
1312 872 1498 905 (it-osrhen.

271 928 450 976 Noverint
480 946 628 977 universi
658 944 696 976 ad
729 955 811 989 quos
841 949 1017 989 presentes
1048 949 1264 990 pervenerint
1295 951 1327 979 et
1356 957 1495 991 quorum
1526 950 1663 981 interest
1688 953 1739 980 aut
1765 951 1929 982 interesse

114 1005 233 1048 poterit
265 1003 513 1048 quomodolibet
546 1007 576 1037 in
607 1004 763 1038 futurum.
795 1006 881 1049 quod
912 1016 970 1038 nos
993 1005 1203 1038 'l'beodricus
1224 1006 1329 1039 dictus
1352 1006 1590 1049 Watczcnsgot
1616 1011 1699 1041 rivis
1722 1009 1928 1041 Bruuiieiisis

115 1068 145 1097 et
177 1063 361 1097 Katberina
392 1067 463 1097 eius
494 1075 580 1098 uxor
609 1065 770 1109 legittima
802 1069 1080 1110 recognoscimus
1111 1078 1170 1111 per
1191 1072 1365 1112 presentes
1387 1072 1416 1100 et
1449 1067 1579 1112 publice
1606 1069 1811 1113 prfuiteimir.
1843 1069 1928 1113 quod

114 1135 176 1158 nos
216 1129 357 1169 propter
394 1128 631 1158 necessitatem
670 1131 701 1159 et
739 1126 779 1159 ad
816 1137 917 1159 onera
954 1126 1140 1160 debitorum
1179 1131 1368 1160 nostrorum
1409 1128 1582 1162 evadenda
1622 1132 1745 1162 curiam
1782 1134 1928 1163 nostram

115 1184 296 1229 Steynliotl'
322 1185 506 1229 vulgariter
536 1191 757 1231 nuncupatam
788 1189 883 1220 sitam
913 1190 944 1219 iu
976 1188 1121 1232 Antiqua
1153 1187 1287 1220 Brunua
1319 1191 1348 1220 in
1370 1193 1466 1233 parte
1487 1192 1632 1223 sinistra.
1663 1190 1715 1222 ubi
1738 1190 1778 1222 de
1801 1190 1929 1235 lapideo

115 1250 216 1291 ponte
256 1248 320 1278 itur
349 1257 471 1279 versus
500 1246 677 1279 ecclesiam
718 1250 823 1280 saneti
844 1246 1073 1293 Wenczeslav
1112 1248 1230 1282 ibidem
1263 1252 1292 1281 in
1322 1249 1469 1294 Antiqua
1500 1249 1647 1285 Bruuna.
1684 1262 1757 1283 cum
1789 1256 1930 1296 quatuor

114 1305 220 1339 laneis
257 1317 416 1350 agrorum
455 1311 486 1339 et
526 1306 676 1340 omnibus
715 1308 787 1340 aliis
827 1311 894 1341 suis
933 1311 1149 1353 pertinenciis
1179 1314 1265 1343 iusto
1304 1310 1513 1345 vendicionis
1549 1312 1641 1345 titulo
1680 1312 1824 1346 discreto
1854 1315 1926 1345 viro
1967 1318 1980 1339 '›

81 1365 260 1399 -Jolianni
300 1366 386 1399 dicto
417 1366 554 1400 Glawer
593 1367 632 1400 de
672 1367 834 1401 Lutliovia
874 1373 906 1401 et
935 1368 1084 1402 Atusclie
1123 1373 1193 1403 eius
1232 1371 1417 1404 conthorali
1457 1377 1488 1405 et
1526 1384 1642 1406 eorum
1682 1372 1860 1406 heredibus
1898 1377 1928 1405 et

115 1427 372 1461 successoribus
403 1427 606 1461 hereditarie
636 1433 666 1461 et
696 1432 767 1462 iure
797 1429 931 1463 dominii
963 1429 1161 1464 habendam.
1194 1432 1370 1465 tenendam
1402 1436 1432 1465 et
1464 1434 1701 1478 possidendam
1733 1445 1791 1478 pro
1822 1444 1929 1466 sexa-

115 1491 207 1532 ginta
237 1491 358 1521 marcis
386 1499 584 1532 grossorum
617 1488 834 1533 Pragensium
871 1490 1083 1524 denariorum
1113 1490 1278 1524 Moravici
1308 1496 1437 1526 numeri
1470 1497 1500 1525 et
1531 1497 1733 1538 pagamenti.
1774 1494 1929 1527 videlicet

116 1551 295 1593 sexaginta
326 1553 468 1594 quatuor
497 1560 636 1592 grossos
666 1561 725 1595 pro
757 1553 877 1583 marcis
899 1551 1129 1596 computandis
1148 1553 1207 1587 εἳ».
1229 1563 1310 1597 quas
1331 1554 1461 1597 quidem
1484 1556 1661 1598 sexaginta
1685 1565 1815 1587 marcas
1836 1554 1931 1587 nobis

115 1608 289 1642 Jobannes
328 1609 433 1642 dictus
463 1609 601 1643 Glawer
640 1614 667 1642 et
701 1622 786 1643 uxor
816 1614 885 1644 eius
915 1611 1062 1655 legitima
1093 1611 1132 1644 de
1154 1611 1315 1645 Luthovia
1347 1614 1444 1658 plene
1465 1618 1495 1646 et
1522 1617 1653 1658 integre
1683 1615 1929 1659 persolveruuh

117 1670 327 1703 vendidimus
363 1674 394 1703 et
432 1670 581 1715 legitime
610 1671 787 1704 vendimus
825 1682 883 1716 per
920 1676 1109 1717 presentes.
1157 1672 1203 1705 Ita
1243 1678 1352 1706 tamen
1392 1674 1477 1718 quod
1508 1674 1628 1719 prefati
1659 1679 1808 1709 ementes
1838 1675 1932 1709 uobis

117 1730 349 1764 venditoribus
386 1730 473 1764 dicte
509 1734 613 1766 curie.
651 1734 677 1764 si
712 1732 844 1765 domino
885 1732 1091 1765 concedente
1121 1733 1159 1765 ad
1191 1736 1379 1778 pigniorem
1411 1734 1576 1768 fortunam
1608 1740 1723 1781 postea
1755 1747 1814 1769 uos
1845 1747 1931 1781 per-

116 1794 236 1825 venire
275 1794 449 1835 contingat
487 1796 519 1825 et
558 1797 773 1825 memoratam
813 1796 938 1825 curiam
978 1804 1131 1826 reemere
1166 1797 1348 1839 poterimus
1379 1799 1408 1827 et
1440 1795 1660 1829 voluerimus.
1699 1801 1771 1842 post
1803 1797 1929 1842 lapsum

117 1854 272 1885 trienium
294 1863 311 1884 a
333 1851 407 1885 data
437 1856 646 1897 presencium
679 1856 834 1886 continue
856 1854 1113 1898 computandum
1135 1866 1240 1899 usque
1261 1855 1300 1888 ad
1323 1856 1408 1888 aliud
1431 1859 1583 1890 trienium
1606 1857 1770 1902 prefatum
1792 1860 1930 1902 primum

117 1915 271 1945 trienium
303 1911 493 1945 immediate
523 1915 679 1946 continue
709 1918 899 1946 secuturum
930 1925 990 1959 pro
1016 1918 1192 1958 sexaginta
1225 1919 1345 1948 marcis
1370 1927 1566 1960 grossorum
1588 1916 1686 1961 Prag.
1718 1918 1929 1951 denariorum

116 1972 282 2007 Moravici
310 1976 440 2006 numeri
470 1977 502 2006 et
530 1977 735 2018 pagameutiq
766 1980 861 2020 prout
892 1974 986 2007 nobis
1016 1975 1079 2008 hoc
1109 1986 1153 2008 ex
1182 1975 1342 2018 singulari
1372 1979 1522 2010 amicicia
1545 1981 1576 2010 et
1606 1977 1725 2011 favore
1756 1981 1930 2023 promise-

118 2037 195 2066 runt
214 2053 264 2057 —
285 2037 317 2066 et
346 2038 483 2078 propter
512 2033 575 2067 hoc
611 2037 716 2067 eciam
747 2034 909 2080 prefatam
940 2038 1064 2068 curiam
1096 2036 1222 2069 eisdem
1252 2039 1425 2069 remissius
1455 2037 1666 2072 vendidimus
1702 2050 1775 2072 cum
1806 2041 1930 2084 campis

118 2095 182 2128 illis
213 2094 307 2128 cultis
337 2099 369 2128 et
398 2098 580 2129 seminatis.
619 2107 692 2128 cum
724 2095 842 2140 quibus
872 2107 908 2129 se
938 2099 1186 2129 intromiserunt
1216 2101 1247 2129 et
1277 2097 1380 2141 paleis
1410 2100 1440 2130 in
1470 2100 1596 2131 curiam
1632 2098 1777 2132 dimissis
1799 2119 1847 2123 —-
1868 2110 1932 2132 re-

116 2156 268 2190 vendere
299 2160 486 2189 teneantur.
518 2155 557 2188 Et
589 2159 615 2189 si
647 2156 809 2202 prefatam
840 2160 964 2189 curiam
996 2157 1080 2190 infra
1111 2156 1274 2202 prefatum
1305 2158 1486 2191 secundum
1517 2161 1671 2192 trienium
1702 2170 1718 2191 a
1741 2163 1933 2193 memoratis

120 2215 326 2262 emptoribus
365 2227 519 2249 reemere
557 2228 616 2262 pro
655 2217 750 2250 dictis
788 2221 964 2261 sexaginta
1003 2219 1123 2250 marcis
1162 2229 1227 2251 non
1266 2218 1456 2251 valeremus
1495 2230 1556 2252 nec
1595 2219 1769 2255 vellemus.
1810 2225 1933 2254 extunc

119 2280 230 2310 statim
259 2277 374 2322 elapso
403 2277 491 2310 dieto
520 2278 668 2311 secundo
699 2281 817 2311 trienio
847 2277 1018 2311 reemendi
1050 2278 1235 2312 huiusmodi
1266 2281 1390 2312 curiam
1422 2282 1462 2312 sit
1491 2279 1586 2313 nobis
1616 2284 1749 2314 omnino
1778 2282 1932 2326 preclusa

119 2336 260 2371 facultas
289 2341 321 2370 et
340 2341 489 2382 potestas
519 2337 706 2381 interdicta,
737 2341 779 2371 ita
801 2338 887 2383 quod
919 2338 1076 2383 deinceps
1106 2338 1225 2384 prefati
1251 2343 1419 2384 emptores
1440 2343 1471 2373 et
1493 2351 1606 2373 eorum
1631 2340 1773 2375 heredes
1795 2346 1827 2375 et
1847 2353 1932 2375 suc-

118 2408 275 2431 cessores
313 2397 517 2442 sepedictam
556 2401 680 2432 curiam
720 2410 795 2432 cum
835 2400 938 2432 laneis
976 2403 1006 2432 et
1037 2402 1253 2444 pertinenciis
1283 2403 1350 2433 suis
1380 2403 1548 2434 universis
1578 2401 1714 2436 habere.
1759 2407 1874 2435 tenere
1904 2407 1933 2436 et

119 2457 294 2503 possidere
331 2461 418 2502 iugis
440 2456 483 2502 (27,
505 2458 711 2504 temporibus
740 2464 771 2493 et
801 2464 961 2505 perpetue
991 2464 1021 2492 et
1052 2459 1092 2492 de
1122 2471 1160 2492 ea
1190 2460 1346 2493 ordinare
1377 2464 1407 2493 et
1438 2460 1617 2506 disponere
1647 2461 1812 2495 debebunt
1843 2465 1932 2495 iuxta

120 2518 364 2563 heneplacitum
395 2529 455 2552 sue
475 2519 665 2553 voluntatis.
697 2519 855 2553 Preterea
880 2531 940 2553 nos
961 2520 1079 2565 prefati
1101 2519 1310 2553 Tlieodricus
1331 2525 1362 2553 et
1382 2520 1564 2554 Kailierina
1586 2525 1657 2555 eius
1678 2534 1766 2555 uxor
1785 2522 1931 2567 legitima
1952 2529 1981 2552 23?

119 2577 160 2611 ad
199 2589 294 2612 usum
333 2579 558 2624 predictorum
597 2579 758 2613 Johannis
797 2581 873 2613 dicti
904 2580 1043 2613 Glawer
1081 2585 1112 2613 et
1141 2583 1211 2614 eins
1245 2583 1362 2613 uxoris
1392 2581 1540 2625 legitime
1569 2585 1599 2615 in
1630 2587 1812 2616 memorata
1843 2586 1932 2616 curia

119 2641 265 2683 quinque
295 2650 399 2684 equos
419 2639 459 2672 ad
480 2644 607 2685 sepiem
630 2651 822 2685 sexagenas
843 2651 1039 2685 grossorum
1062 2643 1233 2674 estimatos
1256 2641 1438 2674 dimisimus
1460 2642 1515 2674 tali
1535 2642 1665 2676 adiecto
1686 2647 1815 2678 tenore.
1847 2643 1932 2688 quod

120 2701 149 2732 si
178 2698 295 2744 aliquis
334 2710 377 2732 ex
415 2702 462 2732 eis
491 2704 547 2732 aut.
576 2711 692 2733 omnes
732 2700 816 2733 infra
856 2703 995 2746 primum
1035 2703 1187 2734 trienium
1219 2703 1303 2734 mori
1333 2704 1555 2746 contingeret,
1590 2705 1652 2748 ipsi
1683 2706 1932 2736 estimacionem

1952 1018 1983 1041 lt)

1952 1619 1985 1644 L'O

1953 2228 1986 2252 30
