2421 3064
938 235 1063 268 1392—
1070 235 1153 268 1:393
1875 233 1948 267 ‘299

135 331 252 376 sigillis
281 334 404 365 nostris
435 331 587 365 dedimus
616 331 738 365 robore
767 333 964 367 litterarum.
995 332 1030 366 In
1061 332 1114 366 die
1144 336 1248 366 sancti
1271 333 1497 367 Bartliolomei
1527 335 1680 380 apostoli,
1711 346 1797 368 anno
1827 336 1949 369 domini

135 391 312 426 millesimo
342 394 580 425 trecentesimo
610 396 831 437 nonagesimo
860 393 1021 427 secundo.

445 461 532 495 ΘΗΜ,
551 461 640 496 Pery„
658 462 676 487 3
693 471 729 487 (Ιιι
748 462 874 488 Presseln
899 463 1046 497 lmnyende
1063 463 1162 497 Sieyel,
1191 463 1242 488 (Ins
1266 463 1293 487 Αἱ.
1309 463 1395 495 fehlt:
1425 464 1452 494 l)
1470 464 1497 490 S.
1513 465 1737 490 ALBERans
1754 466 1780 490 Ι)
1805 466 1952 496 WGESD,

548 514 677 545 Gemelli,-
717 514 751 546 2)
777 514 829 539 Die
855 514 1007 547 l'msc-ltrist
1038 514 1215 542 malesei-liele.
1251 517 1294 540 ein
1329 516 1400 540 nat-lc
1433 516 1505 541 liuh>-
1536 517 1711 551 gleiremleler
1735 517 1832 551 Grais:
1868 518 1900 550 3)
1925 518 1953 543 S.

549 565 710 591 IEZDUNI
738 566 789 591 1AE
814 586 820 592 .
838 586 846 592 .
865 587 871 592 .
897 566 1005 592 C11‹)V
1022 586 1028 593 .
1049 587 1054 592 .
1073 586 1090 597 .‚
1121 566 1185 592 Bild
1210 567 1381 593 undenum-l».
1406 584 1446 586 Ἦ
1473 568 1630 603 ῑΓὶΙΙὶηφιιι.
1653 569 1748 601 fursll.
1769 569 1953 594 s‹·l11c‹1r:-e11-
1991 576 2007 598 Γ,

549 617 709 651 tersisset&
735 618 848 647 sircliic,
873 618 921 643 sub
948 618 1023 645 Fam.
1044 618 1189 645 li'uustmlt.

203 762 1477 816 3421392
1508 785 1553 825 [c.
1585 783 1787 827 September
1815 783 1892 827 30].

732 850 851 884 Slatnt
880 851 939 884 des
973 850 1147 884 Olmz‘ztz-er
1176 851 1347 896 Kapitels.

287 918 375 966 Item
405 935 436 966 in
466 932 618 977 generali
648 933 790 978 capitulo
821 933 861 967 de
891 944 977 966 anno
1008 932 1130 967 domini
1158 933 1373 967 MCCCXCH
1402 934 1442 967 ad
1472 939 1591 968 statuta
1615 935 1655 968 de
1676 935 1831 981 collapsis
1851 936 1950 969 aedi-

131 992 214 1027 ficiis
252 993 481 1026 restaurandis
516 996 547 1027 in
577 996 678 1027 curiis
707 992 947 1027 beneficiorum
978 998 1010 1027 et
1039 993 1303 1028 obedientiarum
1334 995 1499 1029 ecclcsiae
1530 995 1763 1029 Olomucensis
1792 1001 1948 1030 statutum

131 1057 164 1087 et
192 1052 337 1087 additum
367 1057 430 1097 cst‚
460 1053 548 1098 quod
577 1064 757 1087 successor
781 1054 878 1097 illius,
908 1057 963 1099 qui
984 1053 1114 1087 dimittit
1134 1054 1283 1100 collapsa
1304 1054 1467 1098 aedificia,
1497 1060 1668 1101 postquam
1691 1056 1831 1102 adeptus
1853 1056 1950 1090 fuerit

130 1116 394 1158 possessionem,
437 1113 522 1147 infra
561 1125 710 1147 mensem
740 1113 874 1147 debebit
902 1125 1073 1160 apponere
1103 1114 1306 1159 diligentiam
1336 1126 1442 1157 suam,
1483 1116 1571 1161 quod
1600 1116 1641 1150 de
1670 1116 1770 1150 rebus
1800 1117 1949 1162 praede-

131 1176 278 1208 cessoris
307 1173 534 1207 reformentur
563 1173 713 1207 aedificia
743 1173 783 1207 ad
813 1178 931 1208 statum
962 1173 1119 1217 debitum,
1163 1179 1259 1220 prout
1289 1178 1401 1220 priora
1430 1179 1623 1222 exprimunt
1652 1181 1785 1220 statuta,
1823 1177 1949 1211 scilicet

130 1234 338 1268 sollicitando
368 1238 401 1268 et
429 1234 626 1268 arresiando
657 1237 746 1268 circa
775 1237 1046 1268 testamentarius
1074 1235 1131 1268 vel
1161 1235 1242 1269 alias
1271 1246 1501 1282 quascumque
1530 1248 1584 1270 res
1614 1237 1772 1271 defuncti.
1804 1237 1900 1278 Quod
1922 1240 1949 1272 si

129 1294 195 1328 hoc
222 1305 289 1328 non
318 1294 438 1328 fecerit
466 1298 499 1328 et
527 1295 704 1339 negligens
733 1294 843 1338 fuerit,
873 1297 945 1341 ipse
975 1305 1155 1329 successor
1183 1295 1334 1329 aedificia
1362 1301 1556 1331 restaurare
1586 1297 1750 1331 tenebitur
1774 1301 1842 1331 suis
1862 1309 1948 1344 pro-

130 1358 210 1402 priis
238 1354 421 1398 laboribus,
450 1354 636 1400 sumptibus
666 1360 698 1389 et
726 1358 899 1401 expensis.

442 1425 589 1459 Abs-christ
612 1434 687 1452 saec.
709 1424 769 1452 XV.
788 1427 814 1451 in
840 1425 974 1460 „statuta
991 1425 1128 1451 ecclesiae
1146 1426 1373 1459 ()10111ucensis²²,
1395 1426 1447 1459 fol.
1466 1426 1516 1454 69.
1534 1443 1575 1447 ——-
1593 1427 1700 1460 Brittan,
1727 1427 1947 1453 Landesarchir.

550 1477 929 1512 Handsclzristensammluny
953 1486 997 1503 nr.
1018 1476 1078 1502 139
1103 1477 1155 1511 (ult
1178 1477 1212 1504 Jl.
1236 1477 1308 1505 Vlll.
1335 1478 1377 1511 1).

200 1614 314 1664 343.
1376 1632 1475 1667 1393
1504 1633 1605 1667 Mar:-
1634 1634 1656 1667 4
1686 1633 1888 1678 Sternberq.

270 1700 378 1735 Smila
410 1712 473 1734 con
503 1700 694 1745 Sternberq
724 1700 880 1745 ilberye’bt
910 1702 983 1735 dem
1013 1701 1155 1735 Kloster
1188 1701 1360 1736 Obrowz'tz-
1391 1703 1453 1736 das
1482 1702 1582 1747 Dorf
1603 1694 1812 1737 Caslsozcitz.

286 1769 401 1818 Smilo
445 1783 485 1817 de
515 1782 704 1828 Sternberg
743 1783 848 1817 dictus
887 1783 927 1817 de
955 1783 1117 1817 Honstein
1148 1788 1259 1817 notum
1298 1784 1437 1819 facimus
1474 1789 1592 1819 tenore
1621 1788 1829 1831 presentium
1865 1789 1947 1819 uni-

127 1847 250 1887 versis,
290 1844 378 1890 quod
407 1847 518 1878 animo
548 1843 732 1877 deliberato
762 1843 802 1877 de
832 1848 945 1878 nostra
974 1844 1070 1890 plena
1101 1844 1286 1888 voluntate,
1320 1848 1386 1878 imo
1415 1848 1550 1891 spiritus
1579 1849 1685 1880 sancti
1714 1849 1821 1891 gratia
1851 1845 1947 1880 nobis

129 1905 286 1939 divinitus
320 1907 504 1951 inspirante
538 1904 650 1939 villam
681 1903 800 1938 dictam
830 1903 1064 1948 Czaskowicz‚
1099 1916 1171 1950 quae
1200 1905 1276 1939 olim
1306 1917 1366 1951 per
1394 1911 1523 1952 patrem
1553 1911 1703 1940 nostrum
1733 1906 1794 1940 fuit
1823 1911 1945 1953 empta,

128 1977 202 2000 cum
239 1964 393 2000 omnibus
422 1968 490 1999 suis
523 1967 744 2011 pertinentiis,
773 1976 847 1998 cum
876 1965 976 2011 pleno
1005 1968 1077 1999 iure
1106 1970 1137 1998 et
1167 1965 1312 1999 dominio
1341 1969 1373 1999 in
1403 1971 1471 2000 toto
1500 1966 1687 2001 venerabili
1716 1971 1749 2001 et
1777 1967 1946 2012 religiosis

127 2029 211 2061 viris
241 2026 382 2061 dominis
411 2025 521 2060 abbati
550 2030 584 2060 et
612 2028 793 2059 conventui
824 2028 1016 2059 monasterii
1045 2024 1330 2060 Zabrdovicensis
1358 2037 1463 2072 prope
1493 2026 1637 2061 Brunam
1668 2030 1700 2061 in
1729 2027 1782 2061 dei
1807 2030 1942 2061 nomine

127 2099 210 2134 pure
239 2091 272 2122 et
301 2087 340 2121 ad
370 2086 533 2121 honorem
564 2098 632 2121 suae
660 2088 774 2119 mat-ris
802 2085 918 2119 Mariae
945 2088 1087 2131 virginis
1115 2086 1273 2130 gloriosae
1302 2086 1453 2121 dedimus
1482 2092 1643 2133 perpe-tue
1673 2092 1706 2121 et
1733 2087 1947 2134 presentibus

128 2148 244 2182 damus
272 2151 305 2182 in
334 2148 448 2182 salutis
476 2152 601 2182 nostrae
629 2158 668 2181 ac
698 2146 820 2180 domini
842 2145 1033 2179 Sdenkonis
1062 2145 1174 2179 fratris
1203 2149 1307 2180 nostri
1329 2151 1362 2180 et
1381 2150 1527 2181 omnium
1549 2152 1740 2181 nostrorum
1762 2150 1945 2181 amicorum

128 2208 312 2240 animarum
342 2205 526 2239 remedium
558 2205 716 2250 salutare,
745 2206 826 2240 nihil
855 2209 990 2240 omnino
1018 2205 1115 2240 nobis
1145 2211 1199 2240 aut
1228 2210 1350 2241 nostris
1379 2208 1633 2243 successoribus
1662 2211 1693 2242 in
1723 2209 1840 2243 eadem
1870 2209 1945 2243 villa

128 2270 160 2300 et
188 2269 257 2300 suis
285 2269 495 2312 pertinentiis
524 2269 618 2309 iuris,
647 2269 862 2313 proprietatis
892 2271 947 2300 aut
976 2266 1109 2300 dominii
1131 2272 1360 2311 reservantes,
1390 2268 1449 2302 sed
1470 2271 1703 2314 promittentes
1723 2274 1838 2303 nostra
1859 2268 1944 2303 bona

127 2326 191 2361 lide
219 2329 352 2362 sincera
381 2329 551 2373 perpetuis
581 2327 786 2373 temporibus
815 2339 875 2373 per
903 2339 940 2361 se
968 2327 1024 2361 vel
1052 2338 1113 2373 per
1141 2327 1236 2371 alios,
1266 2330 1321 2373 qui
1341 2339 1442 2362 causa
1459 2331 1563 2362 nostri
1584 2328 1746 2373 facerent,
1768 2329 1944 2375 praedictos
1965 2334 1980 2358 3

127 2387 280 2422 dominos
309 2386 462 2421 abbatem
493 2391 526 2421 et
554 2392 756 2422 conventum
787 2390 820 2421 in
849 2387 1006 2434 praedicta
1036 2387 1113 2421 villa
1143 2392 1176 2421 et
1203 2390 1272 2421 suis
1300 2391 1508 2434 pertinentiis
1538 2392 1622 2433 iure,
1652 2389 1740 2423 facto
1769 2392 1843 2423 sive
1873 2401 1942 2435 po-

128 2450 228 2481 tentia
267 2447 440 2493 quibusvis
470 2459 636 2493 nunquam
665 2451 829 2494 impetere
858 2459 916 2481 seu
946 2447 1119 2494 impedire.
1164 2447 1377 2493 Spondeinus
1406 2452 1542 2495 insuper
1571 2449 1612 2484 de
1641 2449 1792 2484 omnibus
1821 2449 1944 2493 litibus

127 2507 357 2554 displicemus,
399 2507 636 2553 quaestionibus
674 2513 773 2554 atque
811 2508 939 2542 damnis
975 2511 1062 2542 inter
1099 2518 1160 2542 nos
1196 2513 1291 2554 parte
1328 2508 1369 2542 ab
1407 2520 1470 2543 una
1509 2514 1542 2543 et
1577 2510 1747 2555 predictos
1791 2510 1942 2544 dominos

127 2566 282 2602 abbatem
321 2572 353 2602 et
381 2572 584 2602 conventum
613 2573 706 2614 parte
735 2579 779 2602 ex
808 2568 870 2602 alia
901 2571 1009 2611 motis,
1053 2568 1161 2610 factis7
1201 2572 1382 2603 contractis
1411 2574 1445 2603 et
1472 2573 1642 2616 perceptis
1671 2569 1790 2604 nobilis
1819 2570 1941 2604 domini

1971 1008 2003 1031 10

1972 1310 2003 1334 15

1967 1706 2000 1731 ἢ)

127 2627 216 2662 Petri
254 2627 295 2662 de
325 2627 513 2672 Sternberg
550 2631 655 2662 nostri
691 2632 793 2674 patris
831 2628 1020 2662 charissimi
1058 2628 1231 2672 decisioni,
1265 2632 1540 2674 pronunciacioni
1568 2641 1630 2676 per
1658 2633 1769 2664 omnia
1799 2633 1943 2674 gratuite
1966 2636 1999 2660 35

127 2687 278 2733 obedire,
308 2691 375 2722 imo
404 2687 545 2722 fideliter
573 2693 607 2722 et
635 2688 871 2723 inviolabiliter
900 2688 1100 2732 observare,
1129 2687 1311 2723 subvenire
1340 2689 1415 2723 fidei
1435 2693 1589 2735 puritate.
1620 2690 1656 2724 In
1677 2694 1770 2725 cuius
1790 2694 1839 2724 rei
1861 2702 1943 2724 cer-

1789 2758 1838 2780 35⁸
