2421 3064
963 254 1045 285 ΒΜ
1833 245 1907 279 247

96 349 184 394 quod
223 348 324 382 nobili
352 351 427 382 viro
465 349 599 382 domino
637 350 773 384 Jesconi
811 351 898 384 dicto
928 350 1036 384 Puska
1074 351 1114 383 de
1152 350 1314 384 Chunstat
1351 354 1501 383 tenemur
1540 349 1712 382 insolidum
1753 349 1793 381 de
1824 361 1906 381 vero

98 409 209 444 debito
252 420 417 443 concesse
455 414 486 443 et
516 414 662 443 mutuate
692 414 833 455 pecunie
872 413 1005 455 triginta
1042 421 1171 443 marcas
1209 421 1404 453 grossorum
1445 410 1657 443 denariorum
1690 409 1906 451 l'ragensium

97 469 261 505 Moravici
290 473 418 503 numeri
449 474 480 503 et
509 474 712 515 pagamenti.
743 482 838 516 quam
870 471 1000 516 quidem
1031 473 1204 516 pecuniam
1236 473 1455 515 promittimus
1486 470 1570 503 bona
1602 474 1713 503 nostra
1744 469 1807 503 side
1837 473 1908 502 sine

97 531 174 564 dolo
203 529 349 575 quolibet
378 542 438 576 per
460 528 546 577 {nos}
570 536 602 565 et
632 532 775 565 heredes
804 537 939 566 nostros
968 531 1143 565 insolidum
1173 541 1337 574 manuque
1358 533 1532 563 coniuncta
1556 542 1614 576 pro
1636 530 1779 564 indiviso
1800 530 1906 563 eidem

98 591 233 624 domino
276 590 412 625 Jesconi
450 596 482 625 et
510 595 578 625 suis
608 592 788 626 heredibus
826 603 865 626 ac
894 592 932 626 ad
973 603 1088 626 munus
1127 603 1242 626 eorum
1282 591 1405 624 solidas
1444 591 1607 624 nobilibus
1646 591 1778 624 domine
1808 591 1908 624 Anne
1947 604 1962 625 5,

97 651 286 685 conthorali
323 662 383 685 sue
421 656 452 685 et
487 652 620 686 domino
652 652 827 686 Gerhardo
866 654 906 686 de
945 652 1106 686 Chunstat
1144 656 1174 686 in
1214 656 1336 698 puratis
1375 655 1503 695 grossis
1542 653 1713 685 dumtaxat
1751 652 1908 697 predictis

97 711 235 745 solvere
269 716 301 745 et
330 723 507 746 numerare
547 724 606 758 per
634 714 717 747 duos
747 725 880 747 menses
919 713 959 747 al»
989 713 1043 746 illo
1086 714 1150 755 die,
1189 724 1254 758 quo
1284 724 1344 758 per
1372 713 1509 745 eosdem
1549 713 1737 745 creditores
1776 717 1909 745 nostros

99 783 159 817 pro
189 772 362 806 solucione
391 772 579 807 huiusmodi
610 773 709 807 debiti
741 774 892 808 l'aciendu
924 774 1082 807 fuerimus
1111 776 1270 818 requisiti.
1303 772 1397 814 Quod
1419 775 1532 805 sinon
1564 773 1756 806 fecerimus.
1786 777 1910 806 extunc

97 835 208 866 statim
238 833 303 866 duo
332 838 481 867 nostrum
512 834 699 867 insolidum.
730 838 796 879 qui.
822 846 896 868 cum
926 834 965 868 ab
987 834 1112 869 eisdem
1143 833 1365 867 creditoribus
1395 836 1516 866 nostris
1539 833 1771 875 monehuntum
1802 836 1910 878 quivis

99 896 233 938 proprIa
272 896 304 926 in
342 905 486 939 persona
526 905 598 927 cum
638 906 704 928 uno
742 895 865 928 sanmlo
904 900 935 928 et
965 894 1092 928 duobus
1130 897 1224 939 equis
1262 894 1450 937 olistagium
1482 905 1598 927 verum
1639 898 1669 926 et
1707 894 1837 927 solitum
1877 896 1909 926 in

98 956 235 987 civitate
266 954 427 988 Olomucz
457 959 488 988 et
509 955 608 988 domo
638 955 776 989 honesta
808 958 886 1000 ipsis
907 966 967 1001 per
987 955 1123 989 eosdem
1155 955 1341 988 creditores
1371 959 1503 988 nostros
1535 955 1688 999 deputata
1718 954 1912 1000 prestahunt

99 1017 311 1057 intemerate,
349 1015 433 1048 alter
475 1016 611 1049 alterius
640 1016 830 1049 absenciam
869 1028 934 1050 non
964 1016 1177 1061 pretendens.
1227 1016 1300 1057 Quo
1330 1015 1483 1059 obstagio
1513 1015 1765 1060 quatuordeeim
1796 1015 1912 1048 diebus

99 1086 117 1107 a
139 1074 192 1108 die
215 1078 411 1109 monicionis
441 1075 627 1110 huiusmodi
657 1080 821 1110 continuis
851 1080 989 1122 prestito
1009 1077 1064 1110 vel
1094 1088 1159 1110 non
1190 1079 1340 1121 prestito.
1370 1076 1458 1109 dicto
1488 1075 1598 1109 debito
1624 1076 1768 1109 nondum
1791 1076 1911 1117 soluto.

100 1146 181 1168 mox
210 1135 287 1169 dicti
309 1136 495 1170 creditores
524 1140 628 1170 nostri
660 1140 822 1181 integram
845 1142 875 1171 et
897 1140 1031 1171 omnino
1056 1136 1194 1170 liberam
1217 1136 1358 1170 habeant
1381 1141 1591 1181 potestatem.
1615 1137 1735 1169 dictum
1767 1136 1910 1169 debitum

101 1198 132 1229 in
162 1200 275 1229 nostra
306 1201 337 1229 et
366 1196 527 1230 heredum
558 1202 748 1231 nostrorum
780 1198 953 1231 insolidum
985 1198 1125 1242 dampna
1156 1197 1339 1243 recipiendi
1369 1200 1454 1230 inter
1482 1197 1608 1230 Judeos
1642 1202 1672 1229 et
1704 1196 1911 1230 Christianos

100 1261 216 1290 nostro
246 1261 278 1290 et
307 1256 468 1290 heredum
498 1262 690 1291 nostrorum
720 1259 893 1292 insolidum
924 1258 1072 1304 periculo
1102 1258 1298 1300 sarciend33
1338 1262 1369 1291 et
1397 1257 1631 1291 nichilominus
1665 1258 1786 1291 dictum
1817 1257 1912 1291 illese

100 1316 293 1351 servabitur
321 1317 520 1362 obstagium,
551 1319 637 1352 nulla
667 1322 747 1352 iuris
768 1319 821 1353 vel
852 1319 1102 1352 consuetudinis
1133 1329 1232 1352 causa
1263 1321 1431 1364 proposito
1454 1318 1775 1363 interrumpendum.
1806 1318 1913 1351 donec

102 1381 295 1412 memoratis
325 1379 547 1412 creditoribus
577 1383 698 1413 nostris
728 1380 849 1413 dictum
880 1379 1025 1413 debitum
1056 1391 1128 1412 cum
1160 1379 1309 1424 dampnis
1339 1379 1478 1423 singulis
1508 1383 1539 1412 et
1568 1381 1735 1412 universis
1765 1381 1912 1424 quovis—

102 1439 201 1472 modo
240 1439 316 1473 inde
354 1439 602 1473 racionabiliter
632 1443 829 1481 coniunctis,
868 1452 931 1485 que
961 1440 1108 1484 legitime
1138 1440 1361 1473 demonstrari
1395 1444 1561 1485 poterunt.
1601 1450 1638 1472 ac
1677 1450 1736 1472 suo
1767 1438 1913 1483 quolibet

102 1502 269 1533 interesse
307 1502 440 1544 integre
478 1500 711 1545 persolvemus
749 1503 820 1534 sine
859 1500 1005 1545 qualibet
1048 1503 1078 1533 in
1119 1503 1320 1534 contrarium
1359 1503 1509 1533 accione.
1558 1499 1626 1533 Sul]
1666 1499 1794 1533 harum.
1832 1510 1913 1544 quas

102 1560 220 1605 sigillis
254 1563 379 1594 nostris
417 1561 566 1594 dedimus
605 1564 796 1594 testimonio
836 1561 1031 1594 litterarum.
1080 1560 1115 1594 In
1145 1563 1291 1594 crastino
1321 1563 1424 1594 sancti
1455 1560 1633 1603 Lamberti,
1673 1571 1760 1594 anno
1791 1560 1915 1593 domini

103 1621 278 1655 millesimo
309 1624 546 1655 trecentesimo
576 1625 806 1665 octuagesimo
836 1627 968 1655 octavo.

413 1700 500 1735 θήῃ..
532 1700 620 1734 Ρθιῃ..
654 1700 670 1725 »ἱ
696 1709 731 1725 (ιη
758 1700 884 1725 Presselu
914 1701 1062 1735 lmnyendt’
1086 1701 1194 1735 Smyel:
1238 1700 1266 1737 ll
1292 1701 1319 1726 S.
1347 1700 1524 1726 FRIDRIU
1553 1701 1587 1725 l).
1615 1699 1825 1726 RUISCIIAV.
1852 1701 1917 1725 :urei

518 1753 748 1787 (legseneinamler
779 1753 936 1787 (jezrentlele
967 1753 1150 1786 (ieierln'vpfez
1199 1752 1233 1788 2)
1267 1753 1294 1777 S.
1320 1752 1515 1778 SVA'I‘IBOR
1547 1753 1580 1777 l).
1614 1752 1813 1777 SABOIHCZ.
1853 1751 1916 1776 Bild

520 1806 570 1829 irie
594 1804 637 1829 bei
664 1804 696 1830 I:
723 1803 755 1836 3)
782 1804 934 1837 K'msrhrift
959 1804 1135 1836 unleserlivlt,
1161 1804 1224 1829 Biltl
1241 1806 1291 1829 irie
1308 1804 1350 1829 bei
1371 1804 1402 1829 l:
1428 1804 1463 1842 4⁷)
1482 1804 1509 1829 S.
1529 1804 1650 1830 DIVI-SI
1670 1804 1721 1829 DE
1743 1805 1914 1831 BLVDUV.
1955 1806 1964 1809 “

520 1856 613 1890 Spiess
645 1858 692 1881 mil
725 1856 828 1889 Bnqen.
860 1872 900 1874 -ν-
932 1856 1092 1890 Μ’ἱηίιιῃηη,
1122 1856 1216 1889 fursll.
1249 1855 1576 1891 Selircarzenheryisrlies
1609 1856 1722 1882 Archiv.
1758 1855 1808 1881 sul)
1843 1855 1918 1881 Fam·

524 1907 667 1934 li'mislmll.

178 2062 1395 2113 283.1388
1426 2080 1618 2113 November
1649 2079 1696 2113 13
1726 2080 1864 2113 Μῖιῖναιι.

109 2149 260 2193 Biscleof
296 2149 463 2183 {Vilfolaus
503 2160 565 2182 con
608 2149 740 2182 Olmz'tlz,
779 2149 958 2193 ιἰῑΙιενίι-ιῖῃί
989 2148 1183 2182 ΒαΙΙΙιαεαι·
1221 2159 1283 2182 1:011
1316 2149 1469 2182 Kainenz
1508 2150 1562 2182 die
1594 2149 1700 2182 Gilter
1728 2148 1919 2182 Jesthomz

626 2210 693 2243 und
724 2210 854 2243 Cleotzm
886 2212 953 2254 anf
976 2209 1179 2243 Lebenszee'l
1208 2221 1248 2243 :⁴1
1278 2209 1406 2244 Lehen.

264 2278 365 2326 vvir
392 2291 506 2326 Nielas
526 2302 593 2325 von
622 2295 710 2336 gotis
735 2292 867 2336 gnaden
888 2292 1033 2325 bischoff
1049 2304 1089 2325 zu
1111 2291 1273 2326 Olomucz
1294 2292 1471 2326 bekennen
1502 2293 1565 2325 und
1588 2297 1642 2325 tun
1663 2292 1743 2325 hunt
1765 2291 1919 2325 offenlich

110 2355 167 2386 mit
196 2352 322 2386 dlesem
352 2352 459 2386 briefe
489 2353 574 2386 allen
604 2352 679 2395 den,
711 2353 762 2386 die
792 2364 832 2386 en
862 2352 967 2386 sehen
998 2352 1082 2386 oder
1111 2352 1216 2386 horen
1246 2353 1350 2395 lesem
1381 2353 1439 2385 das
1468 2355 1532 2386 wir
1562 2356 1618 2385 mit
1647 2352 1918 2386 wolbedachtem

110 2417 199 2447 mute
229 2413 365 2447 rechter
384 2415 511 2447 wissen
541 2413 614 2446 dein
645 2413 741 2447 edlen
772 2413 948 2446 Balthazar
978 2413 1099 2446 herren
1121 2423 1188 2446 von
1218 2412 1396 2455 Camencz„
1436 2424 1569 2446 unserm
1602 2412 1712 2447 liehen
1742 2417 1919 2457 getreueu.

110 2484 178 2507 von
207 2473 434 2507 sunderlichin
462 2473 595 2517 gnaden
626 2474 689 2507 und
721 2474 805 2507 auch
837 2473 941 2507 durch
970 2474 1098 2507 dienste
1119 2473 1244 2516 willen‚
1274 2474 1337 2507 den
1367 2485 1404 2507 er
1423 2484 1485 2507 uns
1514 2474 1578 2507 und
1600 2485 1734 2507 unserm
1756 2473 1918 2507 bischtum

110 2545 151 2567 zu
181 2533 342 2568 Olomucz
379 2539 479 2578 getan
519 2533 575 2567 hat
607 2534 673 2567 und
702 2534 787 2567 nach
818 2539 892 2569 tuen
924 2545 1001 2578 mag
1030 2537 1061 2567 in
1090 2533 1308 2578 zukunftigen
1338 2537 1460 2576 zeiten,
1490 2533 1664 2568 Jesboricz
1694 2534 1759 2567 und
1790 2533 1919 2568 Chotun
1940 2540 1956 2564 3

110 2605 234 2628 unsere
262 2594 386 2640 phlege
415 2594 480 2627 und
505 2599 604 2639 guter
633 2598 689 2628 mit
710 2595 785 2628 allin
807 2594 955 2628 dorfern.
986 2597 1058 2627 iren
1080 2605 1221 2637 nuczen,
1250 2597 1378 2637 zinsem
1408 2594 1530 2638 gulden
1553 2594 1618 2628 und
1640 2594 1918 2640 zugehorungen.

110 2665 341 2699 ausgenomen
379 2655 499 2688 alleine
537 2654 594 2688 des
632 2654 847 2699 koniglichen
886 2654 979 2689 bern.
1016 2654 1080 2688 und
1123 2666 1246 2688 unsere
1283 2654 1470 2688 manschaft
1505 2655 1569 2688 und
1599 2655 1710 2688 welde
1740 2655 1803 2688 und
1835 2654 1919 2687 auch

109 2714 253 2761 atlerley
281 2714 424 2749 anefelle
462 2715 622 2749 doselbist
660 2715 770 2760 geben
809 2715 872 2749 und
902 2715 1046 2750 hevolen
1076 2714 1198 2757 haben,
1235 2715 1347 2760 geben
1377 2715 1439 2749 und
1470 2714 1602 2749 befelen
1641 2719 1695 2749 mit
1726 2715 1809 2749 craft
1848 2715 1920 2748 diez

1933 904 1963 928 lo

1934 1206 1966 1231 15

1934 1508 1968 1531 20

1938 2223 1959 2244 33⁴
1966 2224 1972 2243 )
