2421 3064
971 205 982 235 1
990 204 1052 235 364
1864 200 1884 233 7
1891 200 1911 233 9

109 296 331 344 presentibus,
375 308 416 331 eo
453 298 538 342 quod
580 298 665 332 lideli
703 304 734 333 ct
764 300 913 345 diligenti
949 303 1104 334 examine
1142 301 1182 334 de
1220 302 1373 345 originali
1412 302 1539 347 prcl'ato
1578 314 1650 335 cum
1691 307 1913 348 transsumpto

108 358 291 392 collacione
329 357 414 390 facta
452 361 610 395 extiterit,
649 360 796 393 eiusdem
834 363 977 403 virtutis,
1016 360 1147 394 roboris
1177 366 1207 394 et
1237 365 1441 396 auctoritatis
1472 365 1631 396 existere.
1667 374 1705 396 ac
1735 366 1760 396 si
1791 363 1911 408 prefati

108 417 219 451 fratris
248 416 334 450 Petri
364 417 491 451 abbatis
522 418 616 452 litere
645 420 852 463 originaliter
874 421 1078 455 viderentur.
1122 421 1335 455 Presencium
1362 422 1421 455 sub
1448 427 1561 456 nostro
1591 423 1699 467 sigillo
1721 426 1911 456 testimonio

107 478 288 512 literarum.
336 478 456 512 Datum
495 483 525 511 ct
555 484 663 513 actum
694 480 898 523 Luthomusl,
928 481 981 514 die
1011 480 1115 515 XVII.
1147 485 1270 515 mensis
1299 486 1440 526 augusti.
1471 494 1557 516 anno
1587 483 1710 516 domini
1741 483 1913 517 millesimo

110 540 346 572 trecentesimo
375 541 592 582 sexagesimo
622 545 750 584 quarto.

418 608 506 641 0riy..
539 608 619 643 Pery.
652 608 807 639 (52><·'31⁸³'
826 607 844 639 Ι
872 612 911 641 7),
951 611 1043 645 Sicyo!
1074 619 1125 636 ron
1156 612 1208 637 der
1239 612 1347 638 Pressel
1377 613 1551 646 ‘lltfserisse‘w
1583 630 1623 632 ——
1657 613 1762 641 Bruttii.
1788 613 1915 639 [armies-

522 660 629 688 archiv.
655 662 715 687 Art.
739 662 879 688 Olmiiezer
904 662 1075 695 Aumatium·
1097 662 1136 689 ln.
1162 664 1191 689 (ι’.
1217 672 1260 689 nr.
1287 664 1314 690 2.

179 795 260 844 97.
1326 818 1423 852 1364
1452 819 1587 863 Anam-t
1616 820 1664 852 29
1694 820 1859 864 2x‘e21a0rf.

111 883 302 927 Markyraf
324 882 460 916 ιΙοΙιαηη
490 882 656 916 bestz'mml
686 884 740 917 die
769 885 900 919 lteelete
929 886 988 919 des
1011 886 1168 919 li'losters
1196 885 1383 921 {Velelerad
1410 889 1443 921 in
1473 889 1535 921 den
1565 887 1739 922 ll'c'ildern.
1770 890 1824 923 die
1854 902 1915 923 :var

776 945 869 988 Burs]
900 945 1058 979 Bne-lelna
1086 947 1250 990 yeleoren.

271 1011 449 1059 Johannes
483 1025 534 1058 dei
563 1029 678 1069 gracia
709 1027 858 1060 marchio
887 1028 1052 1062 Moravie.
1084 1029 1135 1063 Ad
1166 1033 1399 1064 universorum
1431 1034 1585 1064 noticiam
1614 1032 1767 1066 volumus
1798 1037 1916 1067 tenore

108 1089 317 1132 presencium
348 1085 520 1122 devenire,
560 1086 659 1131 quodi
690 1098 762 1120 cum
794 1088 906 1122 devoti
936 1092 1039 1123 nostri
1079 1089 1192 1123 dilecti
1222 1118 1228 1124 .
1261 1118 1267 1124 .
1298 1090 1401 1125 abbas
1439 1096 1470 1124 et
1508 1096 1693 1125 conventus
1723 1097 1915 1127 monasterii

109 1146 389 1191 W'elegradensis
427 1157 528 1191 super
563 1146 688 1180 iuribus
728 1153 760 1181 et
795 1148 950 1182 limitibus
988 1150 1145 1184 silvarum
1186 1162 1245 1196 per
1282 1151 1504 1197 purchravios
1544 1156 1643 1186 castri
1682 1153 1845 1187 Buchlaw
1885 1159 1915 1187 et

109 1212 299 1242 nostrorum
329 1218 367 1240 ac
393 1209 494 1252 ipsius
525 1211 718 1241 monasterii
748 1209 906 1243 silvarum
938 1210 1134 1244 forestarios
1163 1210 1287 1244 fuerint
1315 1216 1347 1244 et
1367 1217 1441 1245 sunt
1471 1212 1643 1247 hactenus,
1673 1218 1769 1258 prout
1799 1225 1914 1248 eorum

110 1278 222 1301 coram
252 1266 348 1301 nobis
368 1267 612 1301 demonstravit
632 1269 779 1313 querela.
810 1273 945 1304 nimium
975 1273 1112 1312 anxiati,
1143 1282 1243 1316 super
1272 1271 1390 1316 quibus
1419 1275 1479 1313 eis.
1509 1277 1541 1305 ut
1563 1277 1725 1307 tenemur.
1754 1279 1914 1318 gerentes

110 1331 254 1362 animum
283 1330 530 1373 compassivum
561 1339 599 1361 ac
629 1329 804 1363 volentes-'¹
834 1330 874 1363 ab
904 1333 982 1375 ipsis
1011 1331 1051 1364 de
1081 1333 1190 1364 innata
1212 1330 1307 1364 nohis
1332 1331 1536 1376 benignitate
1557 1336 1768 1376 gravamina.
1799 1333 1917 1379 quibus

111 1400 155 1423 ex
183 1389 392 1422 dissensione
421 1391 508 1421 inter
534 1399 593 1421 eos
615 1400 653 1422 ac
674 1390 778 1423 dictos
809 1390 1031 1436 purchravios
1061 1396 1091 1424 et
1113 1391 1310 1425 forestarios
1340 1392 1479 1425 durante
1508 1393 1682 1438 plurimum
1714 1398 1787 1427 sunt
1817 1397 1915 1430 atriti,

111 1452 298 1494 graciosius
337 1460 530 1483 removere.
567 1452 646 1495 ipsis
680 1478 686 1483 .
717 1477 722 1483 .
755 1450 864 1483 abbati
901 1455 933 1483 et
971 1454 1150 1484 conventui
1188 1451 1374 1497 subscripta
1412 1453 1650 1498 compendiose
1689 1453 1728 1487 ab
1764 1454 1917 1488 omnibus

111 1509 347 1544 inviolabiliter
384 1509 596 1543 observanda
632 1511 733 1543 salvis
769 1511 906 1545 iuribus.
937 1514 1061 1555 graciis
1099 1516 1131 1545 et
1159 1511 1365 1546 libertatibus
1400 1524 1417 1545 a
1448 1513 1524 1546 dive
1554 1514 1803 1548 recordacionis
1833 1526 1916 1560 pre-

114 1569 351 1604 decessoribus
387 1573 510 1604 nostris
549 1570 687 1604 Boemie
726 1571 861 1616 regibus
904 1576 934 1605 et
974 1571 1221 1606 marchionibus
1257 1572 1411 1607 Moravie
1454 1573 1634 1607 illustribus
1677 1577 1725 1607 cis
1764 1575 1847 1608 datis
1886 1579 1917 1608 et

113 1633 285 1664 concessis
314 1630 470 1664 duximus
500 1631 754 1665 conscribenda.
786 1632 968 1665 Statuimus
997 1635 1097 1677 igitur
1126 1635 1231 1677 primo
1262 1638 1293 1666 et
1314 1634 1478 1672 volumus
1508 1634 1594 1679 quod
1624 1637 1696 1680 ipse
1725 1634 1827 1668 abbas
1857 1645 1917 1681 pro

113 1689 367 1724 necessitatibus
410 1694 459 1725 sui
497 1695 690 1725 monasterii
728 1692 816 1737 ligna
860 1693 898 1725 ad
936 1692 1064 1725 edificia
1103 1697 1190 1738 apta,v
1233 1697 1260 1727 si
1289 1693 1341 1727 illa
1385 1697 1416 1727 in
1445 1697 1512 1728 suis
1550 1694 1642 1728 silvis
1673 1695 1812 1728 forsitan
1851 1706 1917 1728 non

113 1749 288 1793 haberetb‚
318 1755 350 1784 et
378 1751 611 1786 nichilominus
641 1753 730 1797 ligna
761 1753 949 1787 cremabilia
980 1756 1010 1786 in
1041 1752 1192 1787 omnibus
1221 1757 1344 1788 nostris
1373 1755 1565 1789 nemoribus
1586 1756 1692 1789 eidem
1715 1758 1917 1789 monasterio

113 1811 340 1845 adiacentibus
369 1812 544 1846 succidere
574 1817 605 1845 et
626 1816 755 1847 succisa
786 1813 826 1847 ad
848 1816 1084 1847 monasterium
1115 1825 1207 1847 suum
1239 1815 1366 1848 traduci
1395 1815 1505 1855 facian
1535 1820 1694 1860 quociens
1724 1821 1754 1849 et
1785 1816 1917 1861 quando

113 1871 177 1906 hoc
207 1872 306 1905 fuerit
344 1872 405 1906 sibi
434 1878 645 1918 oportunum.
694 1874 743 1907 De
773 1873 897 1907 indulto
936 1878 967 1906 ct
996 1878 1108 1907 nostra
1138 1874 1278 1908 licencia
1316 1876 1451 1920 speciali
1482 1876 1692 1920 indulgemus
1722 1880 1857 1922 insuper
1886 1881 1916 1910 et
1937 1892 1950 1909 -.

113 1932 268 1966 favemus
297 1935 465 1967 universis
495 1938 526 1966 et
555 1934 694 1978 singulis
724 1934 800 1967 dicti
831 1937 1023 1967 monasterii
1053 1934 1253 1977 hominibus,
1293 1940 1325 1968 ut
1354 1939 1481 1980 virgas,
1521 1936 1644 1979 fasces,
1674 1936 1917 1970 strichholczer

113 1997 146 2026 et
174 1997 311 2035 statuas,
349 2004 413 2038 que
442 1993 625 2027 nebensaul
653 1999 895 2040 nuncupantur.
934 2005 993 2039 pro
1023 1997 1196 2028 structuris
1225 1996 1420 2041 reparandis
1450 1999 1529 2042 ipsis
1559 2000 1759 2030 necessariis
1789 2002 1821 2030 et
1849 2008 1918 2030 ex-

114 2064 233 2098 presse
262 2064 323 2099 pro
352 2064 412 2086 usu
441 2056 528 2099 ignis
557 2054 645 2099 ligna
676 2055 767 2088 arida
798 2057 828 2087 in
859 2054 953 2087 dictis
983 2057 1105 2087 nostris
1135 2055 1228 2089 silvis
1257 2056 1427 2089 succidant
1458 2061 1489 2089 ct
1514 2067 1553 2090 ea
1583 2057 1622 2090 dc
1651 2060 1735 2091 scitu
1765 2057 1916 2091 foresta-

114 2116 239 2147 riorum
269 2113 493 2159 predictorum
524 2118 686 2160 recipiant
715 2115 840 2160 absque
869 2115 1041 2148 solucione
1070 2118 1212 2160 pecunie
1242 2119 1499 2161 cuiuscumqueg
1529 2117 1586 2150 sed
1617 2120 1644 2150 si
1667 2117 1742 2151 dicti
1764 2117 1917 2152 homines

114 2173 236 2208 robora
273 2178 304 2206 et
341 2173 431 2218 ligna
465 2174 635 2208 stubarum
674 2175 714 2209 de
749 2176 844 2208 dictis
882 2178 1004 2208 nostris
1034 2175 1226 2209 nemoribus
1254 2175 1380 2210 habere
1408 2178 1586 2211 voluerint.
1616 2178 1783 2221 volumus,
1812 2183 1846 2211 ut
1865 2178 1918 2211 illa

114 2237 229 2281 precio
265 2233 409 2268 debeant.
437 2246 646 2281 comparare.
694 2235 852 2269 Preterea
891 2235 1101 2269 decernimus
1137 2240 1169 2269 et
1199 2236 1228 2269 id
1258 2239 1364 2282 ipsum
1404 2240 1509 2270 eciam
1539 2241 1740 2283 precipimus
1777 2241 1839 2284 ipsi
1870 2265 1877 2272 .

115 2294 225 2328 abbati
263 2299 294 2328 et
324 2298 529 2329 monasterio
558 2307 618 2329 suo
648 2296 814 2329 antedicto
850 2307 889 2329 ac
920 2299 1020 2341 ipsius
1050 2295 1238 2330 hominibus
1276 2300 1458 2342 prenotatis
1496 2297 1536 2331 ab
1566 2297 1719 2332 omnibus
1757 2301 1789 2331 in
1820 2303 1918 2332 antea

115 2355 301 2389 districcius
330 2355 519 2399 observari,
548 2361 584 2389 ut
608 2357 716 2390 nullus
746 2357 904 2402 deinceps
935 2356 1010 2389 dicti
1040 2359 1140 2390 castri
1170 2360 1372 2401 purgravius
1393 2358 1446 2391 vel
1476 2369 1535 2391 suo
1556 2361 1689 2392 nomine
1718 2358 1917 2392 forestarius

115 2416 366 2461 qualiscumque
395 2419 502 2462 ipsum
534 2443 540 2450 .
574 2444 580 2450 .
610 2416 764 2451 abbatem
794 2421 825 2450 et
854 2417 1005 2450 homines
1035 2428 1112 2450 suos
1142 2417 1331 2462 sepedictos
1368 2420 1400 2451 in
1429 2428 1588 2463 pecorum
1619 2423 1651 2452 et
1679 2418 1817 2452 aliorum
1840 2422 1918 2452 ani-

116 2476 248 2509 malium
285 2487 420 2510 suorum
458 2479 603 2522 pascuis.
643 2489 706 2522 que
743 2480 775 2511 in
804 2477 899 2511 dictis
928 2476 1120 2510 nemoribus
1158 2476 1284 2511 habere
1320 2482 1352 2511 et
1384 2488 1526 2522 querere
1555 2483 1817 2522 consueverunt‚
1856 2490 1966 2517 necs-

116 2547 181 2570 non
218 2539 251 2570 in
279 2540 481 2582 recepcione
509 2540 698 2582 graminum
737 2549 776 2570 ac
805 2537 989 2571 falcacione
1027 2537 1092 2570 feni
1131 2537 1171 2570 de
1200 2540 1302 2583 pratis
1340 2549 1399 2571 seu
1430 2538 1513 2571 locis
1542 2538 1704 2572 dictorum
1743 2550 1915 2573 nemorum

116 2595 235 2630 debeat
263 2597 414 2642 inpedire
442 2608 501 2631 seu
530 2600 635 2631 eciam
665 2601 698 2632 in
726 2597 968 2632 venacionibus
998 2596 1144 2631 ferarum
1175 2608 1471 2643 quarumcumque.
1502 2609 1584 2643 quas
1612 2598 1733 2633 ibidem
1764 2599 1917 2634 fecerint.

270 2672 297 2704 α)
317 2672 465 2703 Abschrift:
485 2674 600 2704 gerentis
620 2693 625 2697 .
645 2692 651 2697 .
671 2693 677 2699 .
698 2673 819 2697 volentis.
875 2673 897 2698 b)
918 2672 1067 2703 Absrhrift:
1088 2673 1194 2697 habere.

1938 962 1968 986 lt)

1936 1280 1967 1303 15

1937 1580 1970 1605 20
