2421 3064
975 234 1055 265 13:32
1872 229 1918 259 :w

182 329 264 378 47.
1571 347 1668 381 1337
1699 347 1782 379 Jam:
1809 347 1868 380 2'1.

117 417 248 460 Philipp
277 427 342 449 von
380 414 592 448 Wranom'tz-
623 416 781 460 rerkans't
802 417 964 450 Andreas
994 428 1055 450 ron
1085 417 1301 450 ()!tnslau·i!:-
1331 418 1393 450 das
1423 416 1518 460 Dors
1538 416 1762 460 (Jhrzyel011is
1794 416 1920 449 Elleota

771 479 830 521 fiii·
859 478 908 510 20
938 477 1040 510 Marlc
1070 477 1255 510 Groseleen.

269 544 352 592 Nos
380 557 550 603 Philippus
580 559 620 591 de
642 559 849 593 Wrenovicz
879 565 990 593 notum
1013 560 1151 593 facimus
1173 562 1339 593 universis
1364 563 1538 604 presentes
1561 559 1688 592 Iltteras
1709 561 1920 603 inspecturis.

114 619 200 665 quod
236 629 296 652 nos
326 623 455 652 maturo
492 619 632 652 consilio
671 631 709 653 ac
739 631 820 653 sano
858 619 969 653 habito
1006 619 1091 653 bona
1125 624 1237 654 nostra
1277 619 1491 661 hereditaria,
1520 619 1677 653 videlicet
1706 618 1816 652 villam
1857 630 1920 663 que

114 680 312 724 wolgariter
341 678 563 724 Chrzyelouis
593 678 712 713 Elhota
735 685 953 725 nuncupatur,
992 680 1148 713 dominio.
1180 683 1262 713 iure.
1302 680 1548 714 iurisdiccione,
1588 679 1788 713 hominibus.
1829 682 1920 723 agris

115 741 209 774 cultis
247 744 279 773 et
307 739 449 781 incultis.
487 743 631 785 pascuis.
672 740 796 774 rubetis
834 745 865 774 et
902 741 1107 785 generaliter
1144 752 1218 774 cum
1257 740 1409 774 omnibus
1439 743 1664 785 pertinenciis,
1704 739 1921 785 proventibus

114 806 145 835 et
174 800 366 835 utilitatibus
395 802 565 834 universis
595 811 805 846 quocumque
835 804 968 834 nomine
998 806 1210 835 censeantur.
1249 804 1333 834 sicut
1362 804 1465 847 ipsam
1496 800 1657 834 hactenus
1687 799 1860 833 habuimus
1891 804 1920 833 et

115 865 290 904 tenuimus.
326 860 428 895 nobili
457 864 532 894 viro
563 861 694 894 domino
724 861 864 894 Andree
903 861 943 895 de
973 861 1164 895 (ltaslavicz
1203 872 1241 894 ac
1271 861 1450 895 heredibus
1479 872 1537 894 seu
1567 860 1819 894 successoribus
1853 863 1921 893 suis

115 922 316 956 hereditarie
345 932 405 967 pro
427 923 544 966 viginti
570 924 691 954 marcis
712 933 907 965 grossorum
930 922 1140 955 denariorum
1162 922 1392 967 Pragensium.
1422 924 1597 965 sexaginta
1619 926 1760 966 quatuor
1780 931 1920 965 grossos

115 994 175 1029 pro
205 994 316 1016 marca
347 981 490 1027 qualibet
520 982 745 1027 conputando.
776 982 986 1016 vendidimus
1028 994 1067 1016 ac
1092 983 1279 1019 vendimus.
1309 982 1503 1016 tradidimus
1532 986 1563 1015 et
1594 982 1752 1015 tradimus
1781 981 1922 1014 heredi-

117 1047 199 1078 tario
237 1046 309 1077 iure
338 1042 542 1087 resignando
582 1045 612 1076 in
643 1043 782 1088 predicti
820 1044 943 1076 domini
981 1043 1120 1077 Andree
1157 1055 1196 1076 ac
1225 1043 1385 1077 heredum
1425 1054 1483 1076 seu
1513 1054 1746 1076 successorum
1786 1053 1922 1075 suorum

115 1103 326 1151 presentibus
363 1107 574 1149 potestatem.
614 1102 850 1137 Promittentes
880 1104 964 1137 bona
1006 1103 1068 1137 fide
1107 1108 1218 1138 nostra
1258 1106 1365 1137 omnis
1404 1104 1479 1136 mali
1515 1103 1579 1137 doli
1618 1106 1753 1148 ingenio
1783 1103 1922 1136 excluso

117 1165 297 1211 predictam
329 1164 439 1197 villam
479 1175 552 1197 eum
589 1166 656 1197 suis
693 1167 907 1209 pertinenciis
946 1165 1145 1210 supradictis
1183 1164 1223 1197 ab
1262 1167 1349 1198 omni
1388 1163 1521 1197 homine
1560 1175 1632 1197 eam
1670 1166 1830 1209 inpetenti
1867 1168 1921 1196 aut

116 1229 266 1271 inpetere
294 1225 418 1258 volenti
448 1227 512 1257 iam
543 1224 630 1257 dicto
661 1224 793 1258 domino
815 1224 967 1258 Andrec.
998 1224 1177 1258 heredibus
1206 1235 1265 1258 seu
1295 1227 1362 1258 suis
1391 1224 1644 1258 successoribus
1673 1227 1707 1257 in
1733 1228 1800 1257 toto
1830 1228 1862 1257 et
1891 1227 1920 1257 in

115 1290 210 1332 parte
238 1284 407 1330 qualibet³
435 1284 616 1318 secundum
656 1296 832 1318 commune
870 1288 920 1318 ius
950 1289 1039 1318 terre
1068 1283 1220 1318 Moravie
1255 1288 1327 1318 sine
1365 1296 1425 1318 suo
1463 1296 1502 1318 ac
1540 1296 1675 1318 suorum
1714 1284 1856 1329 dampno
1891 1289 1921 1317 et

115 1346 230 1380 labore
267 1345 414 1391 quolibet
451 1344 650 1389 disbrigare.
689 1348 925 1379 renunciantes
963 1348 1051 1378 omni
1088 1348 1161 1387 iuri.
1200 1348 1329 1379 accioni
1368 1350 1399 1378 et
1435 1348 1640 1391 proprietati.
1674 1356 1738 1389 que
1767 1344 1863 1378 nobis
1892 1346 1922 1377 in

116 1407 263 1453 predicta
294 1406 370 1439 villa
400 1410 536 1452 possent
566 1406 607 1438 ‹le
637 1409 708 1439 iure
733 1406 787 1439 vel
817 1406 857 1439 de
886 1406 974 1439 facto
1004 1410 1185 1451 conpetere
1215 1405 1464 1451 quomodolibet
1493 1405 1710 1439 infuturum:
1740 1405 1922 1438 adicientes

115 1467 361 1507 nichilomian
388 1466 474 1511 quod
504 1466 582 1499 nulli
611 1469 793 1500 amicorum
823 1470 1012 1500 nostrorum
1042 1476 1086 1499 ex
1114 1477 1202 1499 nunc
1230 1471 1307 1512 aput
1336 1466 1520 1512 predictum
1551 1466 1717 1499 dominum
1748 1465 1919 1499 Andrean]

117 1538 155 1561 ac
184 1527 328 1561 heredes
357 1538 417 1561 seu
437 1537 655 1561 successores
684 1538 762 1560 suos
791 1526 901 1560 licebit
922 1526 1104 1560 exsolvere
1123 1526 1234 1560 villam
1265 1527 1447 1572 predictam
1477 1527 1713 1572 quoquomodo
1743 1529 1773 1560 in
1795 1537 1922 1560 summa

116 1591 258 1634 pecunie
287 1590 512 1633 suprascripta
534 1588 588 1621 vel
618 1591 746 1620 maiori.
779 1587 873 1628 Quod
896 1590 922 1620 si
943 1598 1009 1620 non
1031 1586 1222 1630 fecerimus.
1253 1598 1295 1620 ex
1316 1591 1405 1620 tunc.
1426 1587 1511 1632 quod
1539 1587 1633 1621 absit.
1656 1587 1923 1632 quandocunque

117 1659 176 1694 per
213 1648 397 1694 predictum
436 1648 604 1681 dominum
643 1648 817 1681 Andream
856 1659 914 1680 seu
950 1658 1029 1680 suos
1072 1658 1290 1681 successores
1327 1649 1555 1681 tantummodo
1594 1658 1656 1681 una
1695 1650 1771 1680 vice
1809 1649 1922 1680 moniti

116 1708 289 1752 fuerimus.
318 1711 539 1754 promittimus
559 1708 644 1742 hona
666 1707 730 1741 fide
751 1714 781 1741 et
803 1713 954 1741 tenemur
983 1707 1168 1741 Brnensem
1198 1711 1369 1741 civitatem
1397 1711 1531 1742 nomine
1551 1713 1624 1741 veri
1651 1707 1806 1752 obstagii.
1836 1707 1923 1752 quod

117 1773 207 1803 iuxta
228 1769 503 1803 consuetudinem
534 1774 623 1802 terre
644 1769 795 1802 Moravie
825 1768 1047 1811 servabimus,
1069 1779 1142 1801 cum
1163 1779 1229 1801 uno
1250 1768 1372 1801 famulo
1394 1773 1426 1802 et
1445 1768 1572 1802 duobus
1602 1771 1695 1813 equis
1716 1768 1754 1801 ad
1777 1768 1921 1801 domum.

117 1841 213 1875 quam
244 1830 340 1864 nobis
377 1833 449 1875 ipse
478 1830 533 1863 vel
571 1832 619 1863 sui
650 1829 965 1864 demonstraverint.
995 1832 1131 1865 intrare,
1162 1828 1281 1862 abinde
1315 1840 1480 1874 nunquam
1511 1832 1695 1873 egressuri.
1727 1828 1834 1862 donec
1863 1839 1923 1873 per

116 1901 178 1924 nos
207 1893 316 1924 omnia
346 1890 534 1936 supradicta
565 1889 800 1934 disbrigentur.
851 1888 886 1922 In
916 1891 1010 1922 cuius
1040 1892 1088 1922 rei
1117 1893 1149 1922 et
1177 1889 1387 1922 vendicionis
1416 1892 1639 1923 testimonium
1677 1894 1709 1922 et
1737 1900 1817 1934 sepe
1847 1888 1924 1921 dicti

117 1952 241 1985 domini
278 1951 419 1985 Andree
461 1961 500 1984 ac
546 1961 681 1984 suorum
725 1950 885 1983 heredum
929 1961 988 1982 seu
1030 1960 1265 1982 successorum
1309 1949 1473 1983 cautelam
1510 1954 1704 1995 perpetuam
1748 1953 1923 1994 presentes

117 2011 244 2045 litteras
273 2010 345 2045 fieri
375 2015 406 2044 et
426 2010 536 2055 sigillo
565 2015 679 2044 nostro
710 2021 749 2043 ac
783 2010 920 2043 aliorum
951 2009 1106 2042 nobilium
1128 2012 1276 2043 virorum
1307 2012 1437 2043 testium
1463 2009 1738 2055 subscriptorum.
1768 2009 1923 2042 videlicet

118 2071 327 2105 dominorum
356 2070 488 2105 Alberti
526 2075 556 2103 et
586 2070 715 2104 Nicolai
745 2070 882 2103 fratrum
921 2070 961 2103 de
992 2069 1195 2105 Otazlavicz,
1236 2069 1426 2104 Onschonis
1465 2070 1504 2103 de
1534 2069 1758 2115 Zyrzveczin,
1792 2068 1924 2103 Alberti

119 2132 159 2165 de
188 2131 340 2171 Bistricz,
371 2130 666 2176 XVschyeboronis
696 2131 737 2164 de
767 2130 957 2172 Swabnicz.
987 2129 1119 2163 Nicolai
1149 2130 1189 2163 de
1220 2129 1440 2172 Wrahovicz.
1471 2129 1686 2175 Sobyenonis
1723 2130 1763 2163 de
1791 2129 1923 2162 XVazan

117 2203 178 2238 per
205 2202 266 2226 nos
295 2192 486 2238 specialiter
519 2203 592 2225 cum
624 2194 785 2225 instancia
815 2191 855 2224 ad
877 2190 940 2224 hoc
970 2194 1163 2235 rogatorum
1194 2190 1310 2235 sigillis
1340 2190 1479 2224 fecimus
1510 2192 1718 2224 communiri.
1750 2190 1871 2224 Actum
1894 2194 1925 2223 et

118 2252 227 2286 datum
257 2263 344 2286 anno
373 2252 497 2285 domini
518 2251 694 2285 millesimo
715 2254 952 2285 trecentesimo
974 2253 1142 2284 tricesimo
1162 2254 1316 2296 septimo,
1345 2254 1377 2284 in
1407 2254 1460 2284 dic
1482 2250 1568 2284 beati
1589 2250 1750 2284 Johannis
1771 2250 1923 2296 baptiste.

428 2330 516 2365 Oriy..
541 2329 631 2363 Perq..
663 2334 682 2355 θ’
707 2338 742 2355 [111
770 2329 895 2355 Pras-selu
926 2329 1073 2363 ltangsende
1104 2328 1213 2364 sieqel:
1262 2329 1294 2364 1)
1326 2338 1348 2355 s.
1381 2338 1424 2355 nr.
1451 2329 1498 2354 414.
1533 2328 1570 2361 l;
1624 2329 1656 2359 2)
1687 2338 1708 2354 s.
1742 2337 1786 2355 nr.
1811 2329 1860 2361 44,
1886 2328 1926 2356 9:

532 2381 565 2413 3)
595 2390 617 2407 s.
643 2390 686 2407 ιη’.
712 2381 760 2406 44.
795 2382 854 2408 10.-
908 2381 942 2412 4)
972 2390 994 2406 s.
1026 2389 1070 2406 nr.
1095 2380 1144 2408 44.
1178 2380 1236 2408 12.-
1283 2381 1314 2413 5)
1346 2383 1363 2413 †
1395 2381 1422 2407 S.
1455 2381 1620 2406 AEBERTI.
1652 2381 1688 2406 J).
1714 2381 1760 2407 V.
1779 2401 1786 2407 .
1805 2381 1925 2407 .R1CZ.

534 2435 599 2458 z-zrei
619 2433 817 2459 votieimma'er
833 2432 1027 2467 ahyeirendete
1044 2432 1204 2458 strennue.
1245 2433 1277 2465 6)
1301 2453 1308 2459 .
1321 2453 1326 2458 .
1338 2432 1457 2460 ,BOHL
1477 2432 1527 2458 DE
1542 2453 1547 2458 .
1563 2453 1570 2459 .
1585 2453 1600 2458 ..
1618 2431 1682 2457 Bild
1698 2441 1719 2458 s,
1737 2440 1781 2458 nr.
1800 2432 1848 2457 44.
1869 2431 1925 2465 IL:

534 2485 564 2518 7)
590 2484 655 2510 Fast
676 2493 750 2519 (sanz
776 2487 902 2511 z-erslnrt.
950 2485 983 2517 ὃ)
1003 2486 1021 2517 †
1044 2483 1072 2510 S.
1088 2505 1093 2511 .
1109 2505 1115 2510 .
1130 2505 1136 2510 .
1151 2483 1302 2510 ENONIS.
1328 2484 1390 2510 DE.
1408 2484 1546 2515 VASAN,
1573 2485 1637 2509 :arei
1654 2483 1851 2516 Billl'ellwrner
1874 2484 1931 2516 auf

532 2536 592 2562 dem
625 2536 713 2563 Helm.
748 2552 788 2555 —
826 2536 985 2570 ll'illinjmn.
1014 2535 1109 2568 surstl.
1148 2535 1477 2570 Seliwart-euberqisclzes
1508 2535 1612 2561 Archiv
1646 2535 1678 2560 ΙΙ.
1715 2535 1784 2562 24¹3.
1819 2544 1864 2562 nr.
1898 2535 1925 2561 1.

431 2588 518 2614 Einen
544 2588 658 2622 Answy
681 2597 703 2614 s.
729 2588 844 2623 Reqesta
871 2587 1020 2613 Bultemiae
1043 2591 1069 2613 el
1094 2587 1236 2613 Morariae
1261 2586 1307 2613 IV.
1328 2596 1356 2621 p.
1381 2586 1452 2612 855.
1481 2596 1525 2613 ην.
1551 2586 1644 2614 2191.

273 2656 299 2686 ιι)
321 2656 408 2687 oria„-
428 2654 562 2686 qualibus.

1942 921 1974 945 10

1942 1523 1976 1548 Po

1944 2127 1965 2151 3(
1972 2128 1978 2147 l

1945 2428 1978 2452 35
