2421 3064
984 226 1066 258 1:391
1856 221 1875 253 ‘2
1883 222 1900 253 [S
1909 220 1928 253 3

111 323 208 356 simul
244 324 405 367 congredi
443 325 579 362 vellent.
619 333 651 361 ut
694 332 725 362 in
764 332 934 363 eventum.
974 336 1038 370 quo
1078 327 1182 369 ipsum
1213 322 1407 357 llcrtvieuni
1448 334 1520 356 cum
1560 334 1619 355 ‚suo
1647 322 1711 355 lilio
1741 327 1792 355 aut
1825 326 1930 367 ipsum

109 382 346 417 Zwiesconem
386 390 531 430 premori
570 392 770 433 contigeret.
802 395 877 423 tunc
908 398 992 421 unus
1022 385 1116 419 alteri
1147 386 1178 417 in
1209 383 1334 416 eisdem
1367 383 1459 416 lionis
1490 383 1674 416 snccedcre
1704 389 1837 428 posset:
1878 384 1931 416 tuli

116 444 316 478 condicione
346 457 510 491 expresse
540 449 680 484 adiecta.
711 451 796 495 quod
827 453 852 484 si
878 458 1038 483 successu
1061 447 1220 489 temporis
1242 446 1466 486 contingeret,
1497 444 1582 488 qnod
1606 444 1687 477 (leus
1707 448 1851 478 avertat.
1874 456 1932 477 eos

114 504 308 538 discordare
337 507 392 539 vel
422 508 508 541 nolle
540 520 674 544 manere
704 514 736 544 in
767 511 820 544 tali
850 510 1014 543 bonorum
1045 507 1302 550 congressione.
1333 504 1390 537 sed
1421 516 1457 537 se
1483 508 1594 537 mutuo
1616 504 1737 537 vellent
1760 515 1930 549 separare.

110 569 236 598 extunc
274 566 359 599 idem
391 567 570 603 llertvicus
609 582 682 603 eum
721 582 782 604 suo
822 571 885 604 tilio
924 573 977 602 aut
1013 578 1096 601 unus
1126 576 1242 599 eorum
1273 576 1332 610 pro
1364 576 1425 597 una
1456 569 1550 609 parte
1580 569 1611 597 et
1641 564 1796 598 Zwieseo
1826 576 1933 609 gener
1970 571 1985 592 3

110 625 321 670 supradictus
352 638 410 672 pro
441 629 504 662 alia
535 635 628 675 parte
659 632 774 664 eadem
806 631 891 664 bona
921 631 1031 663 omnia
1062 629 1216 672 superius
1246 636 1423 671 expressa
1454 637 1526 657 cum
1555 624 1673 669 quilius
1694 628 1836 658 invicem
1859 630 1931 658 sunt

112 685 223 719 tallier
251 691 440 731 congressi.
472 690 622 724 dividere
653 694 739 724 inter
768 703 804 725 ει·
834 690 968 724 debent.
1000 688 1086 734 quod
1117 686 1263 732 quelibet
1293 697 1370 731 pars
1400 697 1514 719 eorum
1546 686 1586 718 (le
1616 686 1755 729 singulis
1782 686 1932 730 equalem

110 749 248 792 recipiat
280 751 485 793 porcionem.
539 750 578 784 Et
617 764 691 786 cum
726 751 835 785 debita
867 753 1027 785 instancia
1058 747 1154 782 uobis
1183 747 1470 792 supplicaverunt.
1513 751 1686 791 quatenus.
1731 757 1803 779 cum
1848 747 1932 780 idem

113 806 271 841 Zwiesco
311 808 394 842 bona
431 812 633 855 supradicta.
678 823 741 857 que
781 812 920 845 liaberet
958 814 988 844 iu
1030 809 1105 844 villa
1136 808 1241 853 Lany.
1285 806 1325 839 ab
1363 809 1476 851 specie
1507 807 1578 839 talis
1609 809 1864 851 congressionis
1893 806 1932 839 ad

111 867 241 901 tabulas
272 873 360 903 terre
390 874 486 915 regni
518 870 653 905 Boeinie
683 875 745 905 iani
778 875 977 917 inposuisset
1009 870 1134 904 eisdem
1158 868 1318 902 Hertvico
1349 872 1378 900 et
1402 866 1587 900 Misliborio
1619 867 1682 900 lilio
1712 879 1783 907 suo,
1814 871 1930 901 intuitu

111 932 335 963 serviciorum
369 942 504 964 suorum
535 932 632 965 talem
664 935 940 977 congressionem
972 932 1151 964 admittere
1172 932 1201 962 in
1224 928 1320 962 honis
1340 930 1463 961 nostris
1486 927 1702 971 dignaremur
1723 932 1756 961 et
1776 927 1933 961 conferre

111 993 159 1023 eis
198 989 283 1023 bona
315 991 462 1035 predicta
499 995 529 1025 in
564 992 712 1025 districtu
742 991 1006 1025 Jeseiboricensi
1036 994 1110 1033 sita7
1141 1001 1205 1035 que
1235 988 1276 1022 ab
1305 991 1464 1034 episcopo
1495 987 1709 1021 Olomueensi
1741 991 1932 1021 transirent.

110 1049 196 1083 Nam
227 1053 298 1096 ipse
319 1051 477 1085 Zwiesco
508 1053 548 1085 de
578 1052 695 1086 talibus
726 1055 850 1086 nostris
880 1052 975 1085 bonis
1005 1056 1137 1085 tenetur
1167 1055 1198 1083 et
1228 1049 1327 1083 debet
1355 1048 1451 1082 nobis
1481 1053 1512 1082 et
1533 1048 1789 1082 successorihus
1810 1052 1933 1082 nostris

110 1113 278 1157 episcopis
308 1111 587 1146 Olomuceusibus
626 1113 665 1146 ad
705 1115 810 1146 Instar
848 1113 987 1146 alioruin
1028 1111 1231 1145 vasallorum
1271 1115 1460 1144 nostrorum
1493 1109 1612 1143 ibidem
1644 1112 1789 1143 servicia
1820 1110 1933 1142 facere

111 1171 219 1205 debita
257 1176 290 1205 et
328 1177 487 1206 consueta
527 1185 568 1207 eo
605 1174 691 1218 quod
730 1174 815 1207 idem
846 1173 1027 1207 Hei-tvicus
1065 1175 1128 1206 iam
1170 1171 1270 1205 vellet
1300 1174 1331 1204 in
1362 1171 1546 1204 humilitate
1576 1170 1736 1203 altissimo
1767 1169 1930 1202 famulari.

111 1230 182 1266 Nos
212 1235 313 1277 igitur
341 1233 563 1267 consideratis
593 1237 749 1267 serviciis·
780 1237 925 1279 ipsorum
958 1232 1120 1275 fidelibus„
1150 1244 1215 1277 que
1245 1231 1340 1265 nobis
1370 1231 1531 1265 hactenus
1562 1230 1713 1264 fecerunt
1743 1235 1774 1263 et
1795 1234 1932 1263 auctore

113 1293 248 1326 domino
282 1293 397 1327 facere
434 1299 571 1339 possunt
600 1298 630 1327 in
661 1294 818 1331 futurum.
857 1306 897 1328 eo
927 1294 1014 1339 quod
1046 1294 1131 1327 idem
1161 1292 1319 1327 Zwiesco
1347 1292 1433 1326 bona
1465 1295 1496 1325 in
1525 1291 1602 1325 villa
1632 1291 1726 1337 Lany
1755 1291 1932 1334 antedicta„

112 1364 177 1398 que
206 1352 305 1387 habet
334 1357 365 1387 in
395 1365 502 1399 regno
524 1354 673 1398 Boemie‚
704 1354 855 1388 vendere
886 1354 1045 1396 intendat‚
1075 1357 1101 1387 si
1131 1353 1307 1387 commode
1337 1355 1458 1398 poterit
1483 1357 1515 1385 et
1539 1363 1600 1397 pro
1625 1352 1752 1385 eisdem
1782 1354 1933 1397 pecuniis

111 1414 174 1448 alia
204 1414 290 1448 bona
320 1426 435 1449 emere
464 1418 618 1461 proponit
650 1419 679 1448 in
710 1415 804 1449 bonis
833 1417 968 1449 nostris.
1001 1414 1121 1448 dictam
1153 1416 1433 1458 congressionem
1453 1413 1556 1446 salvis
1586 1412 1712 1445 iuribus
1733 1417 1765 1445 et
1787 1412 1933 1445 dominio

112 1479 229 1509 nostro
258 1476 451 1509 admisimus
480 1481 512 1509 et
541 1476 743 1510 admittimus
772 1478 984 1521 presencium
1015 1486 1075 1520 per
1095 1479 1260 1517 tenorem,
1291 1474 1408 1507 eadem
1439 1473 1525 1507 hona
1547 1475 1576 1506 in
1599 1472 1685 1506 villis
1707 1473 1932 1518 Lepogenicz‚
1952 1479 1963 1490 ³

114 1535 293 1571 Czircavie
329 1541 361 1570 et
398 1539 431 1570 in
460 1536 683 1570 Bezdziecaw
721 1536 860 1581 prefatis
890 1536 1052 1569 Hei-[vico
1091 1540 1122 1568 et
1151 1534 1336 1569 Misliborio
1366 1537 1438 1568 eius
1469 1533 1532 1567 lilio
1563 1538 1596 1567 et
1625 1533 1712 1567 dicto
1741 1532 1933 1568 Zwiesconi

113 1597 289 1631 insolidum
328 1597 470 1630 tenenda
500 1597 594 1630 tilulo
632 1596 733 1633 feodi.
773 1601 870 1642 prout
898 1596 938 1630 ad
968 1607 1029 1630 nos
1059 1599 1216 1642 pertinet⁷
1242 1588 1475 1629 conferentes.
1521 1593 1736 1628 Preseniibus
1765 1596 1933 1627 strennuis

114 1657 271 1692 militibus
301 1657 475 1691 Berhardo
505 1657 613 1691 Heclit
643 1657 683 1690 de
713 1656 989 1699 Schuczendorssg
1029 1656 1206 1690 Gerhardo
1235 1656 1276 1689 de
1304 1655 1448 1698 Meraw,
1479 1654 1659 1688 Cunczone
1688 1655 1729 1687 de
1759 1654 1872 1688 Sinola
1903 1657 1935 1686 et

113 1718 271 1752 Jaroslao
301 1719 341 1752 de
363 1718 553 1752 Sobeschin
582 1723 680 1763 atque
710 1717 856 1762 pluribus
886 1718 959 1750 aliis
989 1716 1127 1751 testibus
1156 1719 1279 1751 nostris
1299 1715 1449 1749 fidelibus
1470 1716 1509 1749 ad
1530 1718 1704 1761 premissa.
1736 1714 1771 1748 In
1793 1725 1932 1759 quorum

94 1779 256 1814 ‚evidens
295 1782 518 1813 testimonium
550 1779 693 1823 sigillum
724 1783 873 1811 nostrum
903 1777 1116 1823 presentibus
1147 1782 1197 1811 est
1226 1788 1421 1822 appensum.
1465 1776 1585 1810 Datum
1616 1779 1647 1809 in
1677 1780 1788 1809 castro
1818 1779 1933 1808 nostro

114 1839 261 1875 Merow.
291 1851 378 1874 anno
408 1840 531 1873 domini
560 1838 706 1873 M‘CCC'*
736 1842 955 1883 nonagesimo
986 1841 1104 1884 primo„
1135 1840 1206 1883 ipso
1237 1836 1289 1870 die
1319 1841 1351 1870 et
1371 1837 1459 1870 festo
1488 1836 1661 1869 beatorum
1683 1836 1771 1869 Petri
1792 1840 1823 1868 et
1843 1834 1932 1867 Pauli

120 1901 362 1946 apostolorum.

430 1970 577 2003 Abschrifl
601 1971 636 1996 im
662 1969 874 2003 Lelienqoaleru
901 1968 934 2001 ll,
956 1978 984 2003 p.
1004 1968 1052 1994 76.
1077 1984 1118 1987 —
1144 1967 1296 1993 h‘remse‘er.
1318 1966 1470 2000 f111·sle1·:-l›.
1488 1966 1604 1992 Archiv.

433 2022 507 2048 Nat-h
541 2022 602 2048 dem
631 2021 746 2048 Druelse
780 2021 919 2047 Leelcuers
953 2023 979 2046 in
1007 2020 1190 2054 ,7Zeilscl1risl
1212 2020 1234 2052 f.
1252 2020 1279 2045 el.
1297 2019 1458 2044 (ἰεςυΙιίι-Ιιίθ
1484 2018 1614 2044 ΜαΙειέιις
1647 2027 1673 2044 u.
1698 2017 1873 2043 Svldesiensn
1907 2016 1934 2047 V,

531 2084 558 2108 μ.
578 2074 626 2100 97.
651 2082 696 2100 nr.
714 2073 754 2099 38
781 2074 837 2099 um!
861 2074 912 2098 [len
931 2074 1121 2098 Corra-turen
1143 2071 1224 2097 hiet-11
1243 2080 1294 2096 ron
1313 2070 1424 2104 Snopelf
1441 2072 1467 2095 in
1490 2062 1624 2103 7L³asopis
1643 2069 1705 2095 Mal.
1725 2069 1811 2094 Mon*
1835 2067 1935 2097 XXVI,

531 2136 559 2160 μ.
579 2126 627 2153 57.
651 2134 694 2153 nr.
714 2124 872 2151 XXXVIII.

190 2271 310 2322 323.
1430 2284 1524 2318 1391
1556 2284 1640 2317 June·
1666 2284 1716 2317 30
1746 2283 1879 2317 Ere-nm.

121 2359 313 2403 Marlzyraf
335 2357 448 2392 Jodolt
485 2357 709 2392 beurlmmlet,
750 2357 831 2390 dass
861 2356 1027 2389 Heinrich
1067 2366 1129 2388 ron
1162 2355 1399 2388 Radostowitz·
1435 2354 1507 2387 sich
1536 2364 1601 2387 von
1632 2354 1693 2387 dei·
1725 2353 1937 2398 Biltyscleaft

304 2422 364 2464 [ἄν
394 2420 469 2452 eine
498 2417 631 2451 Sckuld
657 2419 769 2450 selues
800 2416 935 2450 Brmles
966 2415 1107 2450 ll'enz-el
1137 2427 1199 2449 cole
1230 2415 1468 2448 Radostoere'tz-
1495 2415 1645 2458 yeledigst
1673 2414 1743 2447 leat.

277 2488 360 2536 Nos
387 2501 534 2535 Jodocus
563 2501 615 2534 dei
645 2504 759 2545 gracia
790 2499 939 2533 marchio
969 2503 1001 2532 et
1031 2498 1183 2532 dominus
1203 2497 1368 2532 Moravie.
1399 2497 1689 2541 Recognoscimus
1710 2501 1827 2531 tenore
1848 2508 1934 2542 pre—

120 2566 270 2597 sencium
300 2565 480 2597 universis.
526 2561 612 2606 quod
642 2561 802 2607 providus
832 2560 997 2593 Henricus
1027 2558 1068 2592 de
1097 2558 1381 2592 Radoliostowicz
1411 2568 1470 2603 pro
1499 2557 1610 2591 debito
1639 2568 1699 2591 sue
1727 2560 1842 2603 partis,
1873 2569 1936 2601 que

121 2627 227 2670 ipsum
257 2627 289 2658 in
319 2624 425 2657 littera
449 2622 642 2656 Cliawlonis
668 2626 700 2655 et
720 2620 927 2654 Barochonis
947 2619 1129 2653 Judeormn
1152 2619 1191 2652 de
1213 2618 1347 2652 Brunna
1371 2616 1543 2665 [attingit]
1573 2629 1710 2663 quorum
1734 2618 1837 2651 frater
1858 2629 1936 2651 suus

123 2684 200 2718 olim
221 2684 447 2718 wenceslaus
469 2683 509 2716 de
530 2682 792 2716 Radhostowicz
814 2692 886 2714 cum
904 2680 1042 2724 Jeorgio
1064 2679 1103 2713 de
1120 2678 1301 2721 Vethovia.
1323 2678 1503 2713 Micssone.
1525 2679 1678 2712 Rulando
1699 2683 1731 2713 et
1752 2679 1935 2724 Gymramo

1834 2745 1883 2768 3s3‘2

1953 876 1986 899 io

1954 1178 1987 1202 15

1954 2069 1988 2093 30

1955 2504 1989 2528 35
