2421 3064
997 231 1077 263 1:355*ss
1863 223 1937 256 225

129 330 298 376 predictis.
354 333 509 374 quantum
559 340 600 361 ex
649 329 754 362 l'orma
804 329 964 362 dictarum
1014 329 1194 361 litterarum
1243 327 1501 372 apostolicarum
1551 331 1777 372 poteramus}
1835 327 1936 359 indu-

129 393 277 424 xerimus
308 392 453 435 ipsisque
483 388 592 422 abbati
623 394 654 422 et
683 392 862 422 conventui
894 390 990 423 villas
1019 388 1154 422 easdem
1185 399 1260 420 cum
1290 388 1395 422 silvis.
1436 390 1548 432 pratis.
1584 390 1728 432 pascuis.
1762 387 1875 419 rivulis
1906 391 1934 419 et

124 451 196 484 aliis
224 450 382 496 predictis
403 449 566 482 tradendo
587 454 619 482 et
639 450 865 487 assignando:
896 452 1106 494 requirentes
1128 448 1361 481 nichilominus
1383 453 1412 479 et
1438 452 1612 481 monentes
1633 448 1769 481 eosdem
1792 447 1936 480 Petrum.

127 511 327 544 Woznatan.
357 509 545 543 Janlmnem
567 514 596 543 et
617 509 825 543 Gerhardum
843 511 927 551 (sic)
945 509 1139 543 domicellos
1160 519 1199 541 ac
1215 508 1298 541 alios
1316 508 1477 540 dictarum
1499 508 1649 541 villarum
1668 519 1741 540 euin
1760 510 1827 540 suis
1843 508 1938 540 silvis

128 574 241 617 pratis.
279 574 422 615 pascuiS.
462 570 578 603 rivulis
614 576 645 603 et
684 570 756 603 aliis
785 570 944 616 predictis
983 569 1203 603 inhabitantes
1242 573 1463 613 occupatores
1502 573 1533 599 et
1564 568 1757 601 detentores
1786 580 1825 601 ac
1854 568 1936 601 alios
1976 573 1995 594 Γ·

129 631 296 676 predictos
335 633 440 663 eciam
481 634 682 664 coniunctim
720 636 752 663 et
794 631 924 664 divisim
964 630 1025 663 sub
1064 631 1430 663 excommnnicacionis
1470 640 1553 673 pena
1593 633 1625 661 et
1662 629 1734 662 aliis
1773 632 1867 673 penis
1907 633 1936 661 et

130 694 282 725 censuris
320 691 571 727 ecclesiasticis.
610 702 706 735 quam
747 696 778 724 et
816 703 897 736 (luas
937 694 965 724 in
1006 694 1095 736 ipsos
1125 695 1157 723 et.
1192 700 1307 722 eorum
1342 688 1535 734 quemlibet.
1575 692 1600 721 si
1631 694 1745 722 contra
1776 692 1938 734 premissa

133 752 188 785 vel
218 752 428 796 infrascripta
459 756 513 784 aut
542 763 657 784 eorum
689 752 818 796 aliquod
850 763 910 797 per
939 763 976 784 se
1006 751 1059 784 vel
1089 751 1185 783 alium
1216 761 1273 783 seu
1304 749 1386 783 alios
1413 749 1541 794 publice
1564 750 1616 782 vel
1637 750 1767 782 occulte
1789 750 1939 782 lacerent

130 813 185 846 vel
224 812 364 848 faceret.
403 814 432 844 in
471 814 604 856 scriptis
642 812 942 857 prouuilgaviinus,
985 815 1147 855 quatenus
1185 810 1270 843 infra
1309 815 1435 843 certum
1472 813 1731 855 peremptorium
1762 812 1938 842 terminum

130 884 189 919 per
218 883 278 906 nos
311 875 389 917 ipsis
419 877 449 905 et
481 883 596 905 eorum
628 872 758 905 cuilibet
791 877 882 905 terna
913 877 944 905 et
964 874 1124 905 canonica
1151 874 1339 904 monicione
1373 873 1534 915 premissa
1557 874 1761 910 assignatum
1793 870 1940 916 prefatos

130 934 283 967 dominos
319 932 473 966 abbatem
512 938 544 965 et
581 937 785 966 conventum
825 933 867 966 de
897 933 1056 966 dictarum
1088 932 1238 966 villarum
1270 942 1343 964 cum
1373 934 1442 965 suis
1472 931 1576 966 silvis.
1609 934 1722 976 pratis„
1763 931 1879 964 rivulis
1909 936 1938 963 et

131 994 204 1028 aliis
241 993 398 1040 predictis
437 993 573 1038 pacifica
617 996 832 1038 possessivum
861 993 1010 1037 gaudere
1041 995 1268 1037 permitterent
1311 995 1458 1037 ipsisque
1488 990 1596 1024 abbati
1627 996 1658 1023 et
1688 994 1870 1025 conventui
1900 991 1940 1024 de

132 1054 354 1100 predictarum
394 1054 545 1087 vittarum
584 1065 656 1087 cum
696 1057 764 1087 suis
793 1054 897 1095 silvis7
938 1056 1051 1099 pratiS.
1091 1056 1235 1098 pascuis.
1272 1053 1388 1086 rivulis
1417 1057 1449 1085 et
1478 1052 1549 1085 aliis
1580 1052 1736 1097 predictis
1767 1051 1938 1084 fructibus.

134 1114 327 1151 redditibus.
367 1114 597 1159 proventibus.
638 1114 762 1148 iuribus
800 1119 832 1147 et
861 1113 1126 1147 obvencionibus
1164 1116 1332 1146 universis
1361 1112 1486 1158 absque
1517 1112 1709 1146 dil'licultate
1739 1117 1771 1144 et
1800 1116 1940 1145 contra—

134 1176 286 1209 diccione
323 1174 520 1219 quibuslibet
557 1174 801 1220 responderent
838 1179 868 1207 et
907 1179 1063 1219 quantum
1102 1177 1132 1207 in
1162 1176 1242 1219 ipsis
1272 1178 1343 1207 erat
1372 1172 1413 1206 ab
1443 1174 1514 1206 aliis
1545 1173 1692 1206 facerent
1725 1172 1942 1217 responderi:
1991 1184 1997 1195 =

133 1239 282 1280 aliasque
322 1246 502 1281 processus
542 1241 573 1269 et
607 1238 798 1269 sentencias
837 1235 976 1268 lecimus
1011 1239 1043 1267 et
1078 1235 1210 1268 tulimus
1248 1237 1278 1267 in
1309 1233 1428 1267 talibus
1459 1234 1529 1266 lieri
1559 1238 1751 1266 consuetos.
1800 1232 1837 1266 Et
1869 1243 1941 1265 cum

134 1301 271 1342 propter
299 1296 415 1331 ardua.
446 1308 510 1341 que
540 1301 616 1329 tunc
647 1300 676 1330 in
709 1296 857 1329 Romana
888 1299 978 1329 curia
1008 1298 1149 1339 negocia
1179 1294 1388 1340 expedienda
1419 1294 1606 1335 habuimus.
1637 1293 1823 1327 huiusmodi
1853 1304 1941 1326 exe—

133 1361 278 1394 cucioni.
307 1368 372 1401 quo
402 1356 440 1389 ad
473 1357 642 1391 ulteriora.
673 1357 894 1402 personaliter
923 1361 954 1389 et
984 1356 1236 1401 presencialiter
1261 1358 1424 1388 interesse
1446 1366 1510 1388 non
1541 1359 1745 1400 poteramus.
1774 1355 1942 1386 universis

134 1423 167 1452 ct
195 1417 334 1462 singulis
355 1416 538 1452 abbatibus.
569 1416 746 1462 prioribus.
778 1419 967 1462 prepositis.
1001 1416 1149 1453 decanis.
1179 1415 1438 1449 archidiaconis.
1477 1414 1683 1450 cantoribus„
1713 1414 1941 1447 thesaurariis.

136 1479 321 1512 scolasticis
350 1478 639 1522 ecclesiarumque
671 1482 733 1511 tam
764 1476 1003 1510 cathedralium
1033 1487 1130 1521 quam
1152 1476 1404 1520 collegiatarum
1426 1479 1596 1509 canonicis
1617 1475 1943 1520 parrochialiumque

136 1539 354 1572 ecclesiarum
394 1538 581 1572 rectoribus
619 1549 677 1571 seu
717 1537 980 1570 locateneutiluis
1015 1548 1130 1570 eorum
1170 1536 1435 1582 presbiterisque
1473 1539 1596 1569 curatis
1635 1541 1666 1569 et
1704 1546 1769 1569 non
1809 1538 1942 1568 curatis.

137 1602 273 1633 vicariis
311 1602 481 1645 perpetuis
518 1603 551 1631 et
591 1597 820 1631 tabellionibus
857 1597 997 1643 publicis
1036 1609 1095 1643 per
1132 1600 1300 1631 civitatem
1339 1602 1372 1630 et
1409 1597 1578 1630 diocesem
1609 1596 1867 1629 Olomucensem
1907 1608 1944 1627 ac

135 1661 217 1694 alias
246 1659 379 1694 ubilibet
409 1662 597 1693 constitutis
627 1663 656 1692 et
688 1670 802 1691 eorum
833 1658 965 1691 cuilibet
996 1657 1168 1691 insolidum
1199 1668 1299 1702 super
1321 1657 1469 1690 ulteriori
1491 1660 1699 1690 execucione
1720 1657 1945 1702 predictorum

136 1724 362 1756 commisimus
401 1721 548 1766 plenarie
588 1723 680 1753 vices
719 1723 863 1754 nostras.
902 1719 1008 1752 donec
1042 1729 1099 1751 eas
1137 1718 1176 1751 ad
1215 1729 1275 1751 nos
1309 1718 1504 1751 duxerimus
1534 1718 1757 1754 revocandas.
1796 1728 1946 1762 quosque

136 1787 168 1816 et
197 1792 312 1815 eorum
342 1781 519 1826 quemlibet
553 1783 787 1825 requisivimus
817 1785 846 1813 et
879 1782 1064 1813 monuimus
1093 1778 1154 1812 sub
1183 1781 1547 1812 excommunicacionis
1578 1790 1661 1823 pena
1691 1783 1724 1811 et
1751 1778 1823 1811 aliis
1851 1779 1946 1822 penis
1966 1784 2000 1807 25·

137 1848 169 1876 et
198 1845 350 1876 censuris
379 1843 629 1877 ecclesiasticis.
669 1852 764 1886 quam
795 1845 827 1873 et
860 1851 941 1885 quas
971 1843 1001 1873 in
1032 1843 1121 1885 ipsos
1151 1844 1183 1873 et
1211 1851 1326 1872 eorum
1357 1839 1549 1884 quemlibet.
1581 1842 1608 1871 si
1638 1844 1752 1872 contra
1783 1840 1945 1883 premissa

137 1904 191 1937 vel
220 1904 432 1949 infrascripta
462 1908 517 1936 aut
547 1914 661 1936 eorum
693 1901 825 1946 aliquod
857 1912 915 1946 per
943 1912 979 1934 se
1010 1901 1062 1934 vel
1092 1901 1189 1934 alium
1219 1911 1278 1933 seu
1308 1900 1390 1933 alios
1417 1899 1546 1944 publice
1568 1899 1621 1932 vel
1642 1899 1773 1932 occulte
1794 1898 1943 1932 facerent

138 1964 193 1998 vel
219 1964 359 1998 faceret.
389 1967 419 1996 in
440 1966 573 2009 scriptis
594 1963 894 2009 promulgavimus.
925 1966 1086 2006 quatenus
1107 1961 1146 1993 ad
1169 1960 1338 2006 predictos
1360 1960 1504 1997 Petrum„
1526 1960 1728 1993 Woznatan.
1758 1958 1943 1992 Jankonem

137 2029 169 2058 et
199 2024 389 2058 Erhardum
419 2030 451 2058 et
479 2024 520 2057 ad
549 2025 645 2058 villas
675 2023 799 2067 Rougit
829 2028 858 2055 et
883 2022 1096 2055 l‘ohoiowicz
1117 2031 1300 2065 earumque
1327 2032 1401 2053 cum
1423 2023 1491 2053 suis
1521 2020 1627 2053 silvis.
1659 2023 1771 2065 pratis.
1803 2022 1946 2065 pascuis.

138 2086 269 2125 rivulis,
306 2096 466 2130 aquarum
505 2083 703 2118 decursibus
742 2095 781 2117 ac
811 2082 934 2116 iuribus
968 2087 1000 2115 et
1042 2083 1256 2127 pertinenciis
1286 2081 1434 2114 eiusdem
1468 2080 1689 2113 inhabitantes
1726 2084 1947 2125 occupatores

138 2150 170 2180 et
199 2147 392 2180 detentores
422 2156 553 2179 necnon
584 2145 762 2182 fructuum.
801 2143 987 2177 reddituum
1017 2147 1049 2175 et
1078 2146 1299 2187 proventuum
1320 2152 1364 2174 ex
1403 2141 1528 2174 eisdem
1559 2141 1658 2178 vulis.
1696 2140 1801 2174 silvis.
1832 2143 1946 2186 pratis.

139 2209 284 2252 pascuis,
324 2206 451 2242 rivulis.
481 2216 641 2251 aquarum
678 2204 874 2238 decursibus
912 2206 1187 2250 proveniencinm
1226 2207 1444 2247 perceptores
1480 2202 1682 2235 accederent
1710 2206 1742 2233 et
1771 2200 1946 2234 accederet

138 2270 286 2313 ipsisque
324 2272 356 2300 et
394 2278 509 2299 eorum
554 2265 687 2299 cuilibet
729 2266 876 2311 predicta
916 2267 1025 2297 omnia
1069 2268 1100 2296 et
1138 2263 1267 2307 singula
1312 2268 1343 2295 et
1382 2274 1498 2296 eorum
1538 2262 1708 2307 quodlibet
1746 2264 1947 2294 intimarent.

138 2328 412 2364 denuncciarent.
443 2328 598 2372 legerent
623 2331 655 2360 et
676 2326 834 2371 publicari
866 2328 1087 2370 procurarent
1107 2328 1139 2357 et
1158 2328 1356 2368 procuraret
1386 2324 1559 2368 dictasque
1589 2323 1713 2356 litteras
1743 2322 1947 2366 apostolicas

137 2393 170 2422 et
197 2391 446 2422 sentenciarum
477 2390 696 2421 instrumenta
723 2391 752 2419 et
784 2390 813 2419 in
844 2389 891 2419 eis
921 2389 1075 2418 contenta
1106 2387 1196 2417 iuxta
1226 2383 1406 2416 earundem
1441 2383 1580 2416 l'ormam
1611 2387 1643 2415 et
1672 2388 1823 2416 tenorem
1853 2393 1946 2415 exe—
1968 2387 1996 2410 :25

139 2452 271 2483 cucioni
309 2448 419 2482 debite
462 2448 703 2481 demandarent
748 2446 908 2480 tradendo
947 2450 979 2478 et
1016 2443 1220 2488 assignando
1263 2444 1423 2488 predictis
1461 2442 1570 2476 abbati
1613 2448 1645 2476 et
1683 2446 1864 2476 conventui
1894 2442 1947 2474 vel

140 2520 256 2543 eorum
296 2512 504 2555 procuratori
544 2519 604 2554 pro
644 2511 692 2541 eis
731 2507 953 2552 corporalem.
993 2505 1116 2538 realem
1156 2509 1187 2536 et
1225 2503 1397 2549 pacificam
1438 2506 1688 2549 possessionem
1720 2529 1923 2536 ......
1940 2501 1950 2515 *¹

139 2570 302 2604 dictarum
343 2569 496 2603 villarum
535 2568 661 2613 Rotigil
704 2573 736 2601 et
774 2567 989 2600 l'okoiowiez
1033 2570 1063 2598 et
1102 2576 1175 2598 cum
1214 2567 1281 2598 suis
1324 2565 1431 2600 silvis.
1475 2567 1591 2610 pratis,
1634 2566 1777 2609 pascuis
1822 2563 1949 2597 rix-ntis.

138 2642 298 2676 aquarum
330 2629 527 2664 decursibus
556 2640 595 2662 ac
625 2628 762 2662 iuribus.
802 2629 1028 2673 pertinenciis.
1069 2624 1241 2659 fructibus.
1280 2624 1464 2657 redditibus
1502 2629 1532 2657 et
1564 2623 1780 2669 proventibus
1818 2634 1949 2656 eorun-

296 2716 310 2729 (ι
344 2707 429 2737 1)νι’9,;
450 2710 577 2736 quantum
599 2709 760 2736 poteramus.
866 2703 878 2725 h
911 2701 993 2726 Lurlse
1014 2710 1059 2725 run
1080 2710 1158 2724 ιἰιιυηι
1181 2701 1272 2724 Ηόνιν.

1798 2752 1830 2773 :a

1964 874 1994 896 itt

1981 1486 1998 1502 ti

1967 2086 2002 2110 30

1972 2698 2005 2720 {o
