2421 3064
973 214 1056 246 1:378
1850 208 1855 240 1
1869 209 1888 241 ti
1901 209 1907 241 l

107 315 251 350 debeant
294 317 474 360 pertinere.
524 313 724 347 Praesertim
767 313 806 347 ad
851 315 986 347 maioris
1029 314 1160 355 gratiae
1204 313 1421 343 incrementa.
1466 312 1512 342 sic
1552 310 1637 354 quod
1678 310 1761 343 dicta
1801 314 1918 344 civitas

107 381 220 410 nostra
263 386 302 409 eo
346 374 650 408 honorabilioribus
693 377 810 419 poterit
854 373 1043 407 homiuibus
1081 371 1251 405 collocari.
1295 373 1458 403 sincerius·
1497 370 1592 403 dictis
1631 370 1759 403 civibus
1799 375 1919 404 nostris

107 436 323 471 concedimus
365 438 597 481 promittentes
639 438 737 468 etiam
781 433 928 480 qualibet
971 435 1042 466 sine
1086 430 1212 465 fraudis
1256 433 1431 466 instancia.
1475 431 1559 475 quod
1600 442 1660 464 nos
1699 432 1919 476 personaliter

107 507 291 541 omnesque
334 495 457 529 exinde
500 495 665 529 haeredes
708 500 740 529 et
791 505 1009 529 successores
1055 495 1158 526 nostri
1200 502 1288 524 nuuc
1340 496 1367 524 et
1413 494 1442 523 in
1486 503 1606 524 aex-um
1646 492 1751 525 nullas·
1790 496 1919 537 penitus

107 557 342 592 devolutioncs
383 556 423 590 de
462 557 588 590 relictis
627 556 722 590 bonis
758 558 967 589 morientium
1013 554 1199 598 vulgariter
1239 551 1361 596 „anfall
1400 562 1464 584 von
1506 552 1578 585 (lem
1619 553 1743 586 andern
1783 553 1917 587 stiirben
1957 562 1972 583 Γ»

106 618 210 663 gute‘6
251 619 404 662 recipere
442 617 597 650 volumus
636 628 697 650 ncc
737 615 897 650 debemus
935 625 996 648 nec
1033 625 1050 647 a
1093 612 1224 647 civibus
1261 615 1383 646 nostris
1421 623 1528 656 neque
1567 612 1606 645 ab
1644 614 1716 646 aliis
1755 613 1919 658 aliquibus

107 680 259 725 personis
297 677 523 711 servientibus
562 680 700 711 civitati.
739 677 796 710 sed
836 676 906 709 illas
942 674 1141 708 omnimodis
1180 673 1413 707 devolutioncs
1447 673 1640 718 simpliciter
1678 677 1756 718 ipsis·
1796 678 1919 708 nostris

107 738 250 779 civibus„
286 738 445 771 videlicet
481 737 673 771 consulibus·
712 742 744 771 et
779 739 894 771 iuratis
932 747 1019 769 nunc
1056 739 1087 768 et
1126 745 1186 780 pro
1217 738 1366 779 tempore
1396 734 1647 769 coustitueiulis.
1687 737 1918 779 resignamus:

107 801 355 834 committentes
403 800 457 832 tali
500 799 619 833 forma.
667 799 743 832 dum
786 808 845 843 pro
890 801 1039 842 tempore
1082 798 1269 840 quempiam
1319 794 1359 827 de
1402 793 1532 827 civibus
1575 797 1647 827 sive
1691 795 1806 828 incolis
1849 798 1919 829 eius

107 863 251 896 civitatis
295 862 405 895 divina
449 862 671 906 permissione
713 859 753 892 de
796 860 964 904 praesenti
1002 857 1077 890 luce
1115 855 1241 900 absque
1280 853 1480 888 haeredibus
1520 857 1667 893 migrare
1706 858 1918 900 contingerit.

106 927 184 956 tunc
239 933 374 967 semper
429 923 526 954 amici
582 922 654 953 eius
710 921 963 965 propinquiores
1019 920 1165 951 omniaet
1220 916 1350 960 singula
1407 914 1493 949 bona
1549 926 1623 948 cum
1672 919 1759 948 omni
1807 928 1918 949 reruni

107 982 253 1029 ypoteka
289 994 349 1028 per
387 984 585 1015 morientem
624 980 740 1013 relicta
779 984 915 1013 nostrae
949 981 1074 1013 civitati
1105 979 1331 1011 commansuri
1360 975 1590 1022 possidebunt,
1629 977 1779 1010 nolentes
1809 980 1920 1022 utique

106 1043 193 1088 quod
236 1042 424 1076 huiusmodi
466 1041 552 1075 bona
596 1045 628 1074 et
670 1040 902 1074 devolutiones
946 1039 986 1073 de
1022 1043 1135 1073 nostra
1175 1041 1309 1072 civitate
1342 1037 1381 1070 ad
1415 1037 1555 1071 aliorum
1587 1036 1670 1070 bona
1709 1038 1917 1071 dominorum

109 1115 276 1149 quoquam
307 1103 523 1136 deducantur.
573 1101 609 1135 Si
638 1112 721 1135 vero
759 1100 858 1134 alicui
888 1100 928 1133 de
960 1099 1177 1133 morientibus
1216 1098 1322 1132 nullus
1352 1100 1482 1144 penitus
1513 1100 1638 1131 amicus
1669 1101 1827 1132 extiterit.
1867 1103 1918 1143 qui

110 1164 278 1198 mediante
315 1166 437 1197 iustitia
466 1163 520 1196 vel
560 1162 720 1196 affinitate
759 1161 841 1194 tales
884 1160 1057 1206 possidere
1096 1160 1228 1193 valeret
1269 1159 1433 1192 bonorum
1473 1158 1720 1192 devolutiones.
1760 1170 1803 1191 ex
1842 1163 1918 1191 tunc
1960 1169 1968 1172 ·

109 1224 270 1271 praedicti
300 1224 456 1257 consules
495 1228 526 1256 et
556 1225 651 1256 iurati
691 1225 785 1256 cives
815 1224 931 1263 nostri„
970 1223 1025 1266 qui
1055 1225 1131 1254 sunt
1160 1220 1214 1254 vel
1252 1231 1312 1265 pro
1342 1224 1494 1264 tempore
1524 1221 1779 1254 constituentur.
1817 1219 1920 1252 dictas

108 1284 342 1318 devolutiones
371 1288 402 1317 et
423 1283 508 1317 bona
531 1286 561 1316 in
584 1294 663 1316 usus
685 1283 793 1316 dictae
823 1284 967 1315 civitatis
996 1285 1132 1315 nostrae
1152 1280 1284 1326 Lypnik
1313 1291 1372 1313 seu
1403 1279 1441 1313 ad
1463 1282 1550 1313 viam
1582 1279 1719 1312 alteram
1750 1279 1917 1313 salubrem

108 1350 244 1379 vertere
274 1356 313 1378 ac
343 1356 488 1389 erogare
517 1344 664 1377 valeant.
695 1343 788 1376 velut
823 1346 970 1388 ipsorum
1001 1342 1196 1375 discretioni
1227 1346 1258 1374 ct
1288 1343 1516 1374 conscientiae
1546 1340 1663 1373 melius
1693 1345 1725 1373 et
1754 1340 1920 1373 salubrius

107 1405 275 1440 videbitur
313 1405 484 1450 expedire.
534 1404 702 1449 Deinceps
741 1414 873 1448 quoque
902 1403 1179 1436 certitudinaliter
1218 1406 1414 1444 statuentes,
1453 1400 1540 1446 quod
1570 1400 1677 1434 nullus
1716 1401 1756 1434 dc
1786 1400 1916 1434 civibus

109 1469 231 1500 nostris
269 1468 342 1500 sive
378 1466 496 1499 incolis
533 1467 676 1498 civitatis
715 1467 745 1497 in
788 1467 909 1509 agonia
948 1466 1149 1497 constitutus
1185 1462 1298 1496 liberis
1337 1466 1368 1495 et
1398 1461 1600 1495 haeredibus
1639 1472 1758 1494 carens
1798 1461 1917 1506 aliquid

108 1527 223 1561 facere
252 1526 371 1560 debeat
400 1537 508 1571 neque
537 1528 641 1570 possit
680 1529 925 1565 testamentum,
963 1527 1026 1558 nisi
1064 1523 1236 1557 consulum
1276 1527 1308 1556 et
1337 1526 1520 1556 iuratorum
1551 1522 1689 1555 consilio
1719 1533 1758 1554 ac
1788 1522 1916 1555 favore.

110 1587 160 1621 De
189 1589 357 1632 praesenti
387 1590 496 1619 tamen
527 1585 666 1631 proinde
696 1585 825 1630 plenius
854 1584 1007 1618 favemus
1037 1587 1294 1630 praecipientes.
1325 1583 1411 1628 quod
1442 1585 1669 1627 unusquisque
1699 1593 1918 1627 personarum

109 1652 140 1681 et
169 1650 290 1681 civium
330 1651 521 1680 nostrorum
560 1646 667 1679 dictae
706 1647 832 1679 civitati
870 1649 1007 1678 nostrae
1041 1647 1207 1683 serviens„
1247 1655 1287 1677 eo
1318 1643 1426 1677 adhuc
1454 1654 1536 1677 sano
1567 1645 1733 1676 existente
1764 1654 1918 1688 corpore,

109 1710 220 1742 omnia
249 1711 282 1741 et
302 1707 432 1752 singula
461 1706 548 1740 bona
578 1718 636 1739 sua
667 1705 798 1739 mobilia
820 1710 851 1738 et
872 1705 1049 1739 immobilia
1081 1705 1173 1745 dare‚
1203 1705 1332 1749 legare„
1363 1706 1539 1748 resignare
1560 1706 1681 1749 poterit
1706 1707 1738 1736 et.
1759 1703 1919 1748 deputare

109 1769 150 1802 ad
180 1779 412 1814 quemcunque
450 1768 560 1801 locum
600 1766 661 1800 sibi
698 1767 865 1812 placitum,
904 1766 1000 1800 nobis
1039 1771 1071 1800 et
1100 1768 1222 1799 nostris
1262 1764 1463 1799 haeredibus
1502 1775 1567 1798 non
1607 1763 1826 1798 obstantibus.
1869 1766 1970 1796 cui-⁸

107 1829 201 1863 velit.
245 1828 385 1874 Insuper
413 1831 566 1874 ponimus
595 1830 756 1861 seriosius
786 1829 1043 1872 praeprientes,
1083 1826 1171 1872 quod
1201 1838 1303 1872 saepe
1334 1825 1410 1859 dicti
1440 1828 1534 1858 cives
1564 1827 1669 1858 nostri
1700 1824 1740 1857 de
1771 1824 1918 1870 praefata

109 1892 243 1923 civitate
281 1894 394 1923 nostra
435 1888 564 1935 Lypnik
601 1899 661 1934 pro
699 1888 850 1932 generali
889 1892 965 1921 taxa
995 1890 1068 1921 sive
1106 1892 1216 1921 steura
1258 1889 1401 1920 civitatis
1443 1886 1589 1931 quolibet
1627 1897 1713 1919 anno
1744 1888 1919 1929 sexaginta

110 1961 241 1984 marcas
278 1960 474 1994 grossorum
515 1948 734 1994 Pragensium
773 1952 804 1981 et
840 1947 1006 1981 Moravici
1043 1951 1186 1990 numeri,
1231 1950 1363 1992 triginta
1395 1947 1553 1980 videlicet
1593 1957 1722 1980 marcas
1761 1949 1792 1979 in
1832 1945 1917 1978 festo

110 2010 198 2044 beati
227 2009 366 2055 Georgii
404 2014 436 2043 et
474 2012 608 2054 triginta
646 2012 678 2042 in
716 2008 801 2042 festo
840 2008 927 2042 beati
956 2008 1163 2050 &Venceslah
1203 2007 1297 2041 nobis
1336 2012 1367 2040 et
1404 2010 1528 2041 nostris
1567 2006 1822 2040 successoribus
1861 2016 1920 2050 per

111 2081 322 2116 consequens
352 2070 488 2104 solvere
526 2075 558 2104 et
586 2081 713 2115 pagare
751 2068 971 2107 tenebuntur;
1018 2068 1135 2113 quibus
1169 2068 1348 2114 persolutis
1378 2067 1417 2101 ab
1447 2071 1536 2101 omni
1565 2070 1773 2112 gravaminis
1804 2077 1919 2100 onere.

110 2134 290 2177 praecipue
320 2130 360 2164 de
390 2130 561 2164 laboribus
591 2134 623 2163 et
651 2129 747 2163 robot
778 2129 872 2163 liberi
903 2133 1002 2174 atque
1031 2132 1215 2175 supportati
1239 2125 1282 2177 [a]
1305 2128 1401 2162 nobis
1431 2133 1500 2162 eta
1522 2131 1645 2162 nostris
1667 2126 1920 2161 successoribus

110 2191 316 2234 residebunt7
355 2191 458 2225 salvis
487 2195 597 2224 tamen
627 2193 750 2224 nostris
779 2189 961 2223 honoribus
992 2194 1090 2234 atque
1119 2201 1279 2235 agrorum
1309 2188 1465 2223 censibus
1504 2194 1536 2223 et
1565 2178 1748 2222 thabernis.
1796 2188 1919 2222 Ultimo

111 2256 220 2285 autem
257 2263 315 2297 pro
347 2255 462 2285 maiori
497 2251 693 2297 pollicemur
728 2251 869 2288 cautela.v
909 2252 1195 2295 praenominatam
1225 2253 1394 2283 civitatem
1436 2254 1584 2283 nostram
1624 2260 1755 2282 necnon
1794 2259 1918 2281 unum—

111 2323 276 2357 quemque
306 2315 427 2346 civium
459 2317 558 2357 atque
587 2312 770 2345 incolarum
801 2322 874 2344 cum
896 2313 1031 2343 civitate
1060 2313 1266 2344 servientem
1298 2313 1387 2344 circa
1417 2310 1589 2355 aequalem
1622 2313 1700 2343 iuris
1723 2319 1917 2354 processum

1942 869 1973 893 11»

1941 1470 1974 1494 2«)

1941 2074 1975 2098 301)

112 2377 210 2418 atque
240 2373 423 2418 plenariam
452 2375 608 2406 iustitiam
647 2383 707 2418 pro
737 2371 889 2405 omnibus
919 2373 1028 2404 causis
1058 2381 1119 2404 nos
1148 2370 1236 2404 velle
1266 2370 1443 2410 dimittere,
1483 2373 1567 2404 sicut
1596 2370 1744 2414 reliquae
1775 2372 1918 2402 munitae
1941 2374 1974 2399 ³35·

111 2436 265 2467 civitates
294 2433 462 2478 gaudeant
492 2437 524 2466 et
552 2432 715 2475 fruantur,
746 2432 865 2466 nullam
897 2434 976 2476 ipsis
1006 2430 1135 2464 civibus
1174 2435 1206 2464 et
1234 2434 1360 2465 civitati
1396 2435 1532 2464 nostrae
1569 2433 1698 2476 penitus
1728 2430 1918 2463 violentiam

111 2497 280 2539 perpetuis
310 2493 514 2539 temporibus
544 2493 704 2526 effecturi.
736 2492 855 2526 Testes
884 2492 979 2525 huius
1009 2493 1057 2524 rei
1086 2495 1180 2524 sunt:
1225 2490 1353 2524 nobiles
1383 2490 1505 2523 domini
1536 2489 1703 2527 XVoczko,
1736 2489 1916 2522 Benessius

112 2558 145 2587 et
164 2554 328 2599 Dyrslaus
358 2554 479 2587 fratres
499 2556 603 2587 nostri
633 2555 785 2598 germani
815 2552 855 2586 de
876 2551 1037 2585 Cravarz.
1068 2550 1206 2585 Sdenko
1235 2551 1275 2584 de
1296 2550 1424 2585 Kokor.
1446 2550 1670 2584 Wenceslaus
1701 2551 1740 2583 de
1763 2549 1920 2594 Doloplas

111 2625 241 2648 necnon
281 2614 453 2648 Arnoldus
491 2614 674 2647 advocatus
713 2618 828 2646 noster
866 2615 989 2651 senior„
1028 2611 1186 2645 Nicotaus
1224 2611 1394 2646 Clozman.
1434 2611 1549 2644 Petrus
1588 2609 1919 2656 Krappynpacherus

112 2677 206 2709 cives
235 2674 355 2708 ibidem
385 2679 416 2707 et
446 2684 542 2718 quam
573 2673 684 2719 plures
714 2673 776 2706 fide
807 2673 896 2717 digni
927 2672 966 2705 ad
997 2683 1035 2705 ea
1058 2674 1177 2716 rogati.
1208 2671 1244 2705 In
1273 2674 1534 2717 praemissorum
1564 2676 1673 2704 autem
1704 2673 1916 2703 securitatem

1768 2735 1798 2759 21

1943 2674 1975 2697 4η
