2421 3064
963 235 1042 267 1:377
1836 231 1897 264 151

93 330 283 365 omnimode
312 335 343 363 et
373 331 567 376 simpliciter
596 335 674 377 ipsis
712 332 840 366 civibus
879 335 1014 366 nostris.
1045 332 1236 366 consulibus
1267 337 1296 365 et
1328 336 1441 366 iuratis
1470 333 1652 377 largimur:
1688 336 1901 377 resignantes

96 393 151 426 tali
181 392 300 433 forma„
330 394 355 425 si
377 395 564 437 quempiam
596 393 636 426 de
657 393 786 428 civibus
816 404 874 426 seu
900 392 1017 426 incolis
1047 395 1193 426 civitatis
1223 393 1332 426 divina
1364 396 1585 438 permissione
1615 394 1655 426 de
1676 393 1739 427 boc
1769 395 1904 427 saeculo

96 456 168 486 sine
197 451 398 485 haeredibus
430 455 575 495 migrare
605 456 795 497 contigerih
827 458 904 486 tunc
934 464 1068 499 semper
1097 456 1353 498 propinquiores
1384 457 1480 487 amici
1510 457 1618 487 onmia
1641 454 1724 487 bona
1748 466 1808 499 per
1829 466 1903 487 eum

95 513 210 546 relicta
240 515 366 545 civitati
396 516 621 546 conuuansuri
653 514 857 558 possideant,
888 513 1041 547 volentes
1072 517 1195 559 utique,
1226 514 1312 559 quod
1344 513 1529 548 huiusmodi
1561 514 1644 548 bona
1668 515 1722 548 vel
1752 515 1901 549 devotu-

96 574 238 607 lutiones
268 572 309 606 de
338 575 474 606 civitate
503 573 541 606 ad
573 574 711 606 aliorum
743 574 827 607 bona
858 574 1067 607 dominorum
1097 585 1161 607 non
1193 574 1367 607 ducantur.
1417 574 1451 607 Si
1482 586 1564 608 vero
1595 575 1649 608 tali
1679 575 1787 608 nullus
1819 574 1904 609 foret
1941 580 1953 602 ι’

96 636 234 675 amicus,
265 635 318 678 qui
347 635 476 666 iusticia
506 645 564 666 seu
595 634 755 667 affinitate
787 634 950 667 mediante
980 634 1094 667 relicta
1124 634 1208 668 bona
1241 634 1367 667 valeret
1399 635 1584 679 possidere.
1615 647 1659 668 ex
1689 640 1764 669 tun(-
1795 647 1903 681 prae-

97 696 174 728 dicti
203 693 359 727 consules
388 698 420 726 et
450 696 546 727 iurati
576 697 670 727 cives
699 698 815 732 nostri.
846 698 899 740 qui
928 699 1002 728 sunt
1032 695 1085 728 vel
1115 705 1174 740 pro
1206 699 1356 740 tempore
1386 695 1518 729 suerint.
1550 699 1657 728 onmia
1681 695 1766 729 bona
1789 696 1902 730 relicta

96 758 129 789 in
158 766 253 788 usum
282 757 427 788 civitatis
457 759 511 787 aut
542 758 571 788 in
601 755 739 788 alteram
770 759 858 789 viani
889 756 1002 789 salutis
1032 760 1169 789 vertere
1198 760 1364 801 poteruntq
1403 756 1680 800 ‹piemadmodum
1711 756 1903 790 discretioni

97 826 213 849 eorum
244 816 360 849 melius
398 826 437 848 ac
466 815 630 848 salubrius
660 816 828 849 videbitur
866 816 1039 862 expedire.
1086 816 1254 861 Deinceps
1293 816 1571 849 certitudinaliter
1600 828 1665 856 ego
1695 817 1904 862 supradictus

97 876 231 910 Ulricus
260 879 335 910 vice
364 880 396 909 et
425 876 499 909 loco
531 879 593 909 mei
624 881 653 909 et
687 876 867 910 liam-edum
900 888 1049 910 meorum
1078 877 1133 909 vel
1162 887 1398 910 successorum
1428 880 1536 909 statuo
1558 881 1590 909 et
1610 880 1787 912 constituo.
1818 878 1902 922 quod

96 937 202 970 nullus
232 937 272 970 de
302 936 431 970 civibus
461 948 520 969 seu
551 937 666 970 incolis
699 948 792 970 meae
834 938 1006 983 praefatae
1035 940 1178 971 civitatis
1208 940 1239 970 in
1273 948 1382 981 agone
1412 939 1611 970 constitutus
1641 936 1753 970 liberis
1783 949 1905 971 carens

97 998 226 1043 aliquod
257 996 377 1030 debeat
406 1001 458 1030 aut
481 999 586 1042 possit
607 997 720 1030 l'acere
741 1002 988 1036 testamentum,
1019 1000 1081 1031 nisi
1103 998 1275 1031 consulum
1296 1003 1328 1031 et
1348 1001 1528 1031 iuratorum
1559 998 1699 1031 consilio
1721 1003 1753 1031 et
1774 998 1904 1041 favore.

96 1058 241 1092 favendo
280 1057 514 1091 nichilominus
544 1061 675 1102 penitus
704 1057 870 1095 absoluto„
909 1059 994 1103 quod
1033 1070 1229 1104 unaquaque
1259 1069 1479 1104 personarum
1508 1070 1567 1091 seu
1598 1061 1721 1092 civium
1753 1070 1905 1092 meorum

98 1121 223 1153 civitati
262 1129 356 1151 meae
394 1116 565 1162 praefatae
603 1121 770 1155 serviens,
809 1129 847 1151 ea
878 1118 985 1152 adbuc
1023 1130 1104 1152 sano
1135 1122 1165 1152 in
1196 1130 1340 1164 corpore
1370 1122 1551 1159 existente,
1591 1122 1699 1152 onmia
1730 1119 1814 1152 bona
1847 1131 1903 1152 sua

98 1178 190 1222 dare,
220 1179 347 1223 legare„
376 1180 552 1223 resignare
582 1178 635 1211 vel
666 1178 825 1223 deputare
855 1182 975 1224 poterit
1005 1179 1044 1212 ad
1074 1190 1316 1224 ‹plemcumque
1345 1179 1453 1212 locum
1483 1190 1548 1224 quo
1579 1179 1736 1212 voluerit.
1781 1179 1904 1213 Ultimo

97 1243 196 1273 etiam
234 1250 294 1285 pro
334 1241 451 1273 maiori
487 1238 616 1272 cautela
657 1239 819 1284 polliceor
855 1240 1081 1284 saepedictam
1111 1242 1281 1273 civitatem
1311 1250 1419 1273 meam
1448 1250 1511 1272 nee
1540 1250 1605 1273 non
1634 1251 1903 1285 unumquemque

98 1303 221 1334 civium
251 1310 400 1333 meorum
430 1310 489 1332 seu
511 1299 659 1332 eiusdem
690 1302 834 1332 civitatis
865 1299 1048 1333 incolarum
1078 1300 1185 1333 eidem
1217 1300 1481 1333 deservientium
1510 1302 1600 1333 cirea
1630 1300 1803 1345 aequalem
1824 1303 1904 1333 iuris

97 1371 292 1406 processum
321 1371 362 1393 ac
389 1360 521 1405 plenam
552 1362 713 1393 iusticiam
743 1371 802 1405 pro
832 1363 921 1393 omni
951 1371 1050 1393 eausa
1082 1371 1134 1393 me
1163 1363 1297 1394 nomine
1326 1365 1358 1393 et
1387 1363 1463 1394 vice
1492 1363 1637 1393 omnium
1668 1372 1905 1394 successorum

99 1431 249 1455 meorum
278 1420 366 1454 velle
404 1420 583 1455 dimittere.
622 1423 707 1453 sicut
744 1420 892 1465 reliquae
929 1424 1082 1454 civitates
1121 1422 1267 1465 gaudent
1296 1424 1427 1467 penitus
1463 1432 1502 1454 ac
1532 1421 1684 1454 fruuntur
1716 1421 1905 1466 nullamque

97 1484 178 1526 ipsis
208 1484 342 1515 omnino
371 1481 565 1514 violentiam
595 1481 772 1513 illaturum.
812 1480 846 1513 In
877 1484 971 1514 cuius
1001 1484 1048 1514 rei
1079 1484 1305 1515 testimonium
1334 1485 1367 1514 et
1396 1480 1499 1514 robur
1528 1481 1646 1514 stabile
1675 1486 1774 1526 atque
1803 1481 1905 1514 fixum

98 1545 161 1575 mei
190 1544 315 1588 proprii
344 1541 442 1586 sigilli
473 1545 678 1587 appensione
709 1542 786 1575 duxi
818 1547 1015 1586 praesentes
1045 1542 1159 1576 literas
1190 1541 1414 1575 muniendum.
1446 1542 1545 1575 Anno
1575 1542 1698 1575 domini
1729 1542 1904 1575 millesimo

97 1605 336 1636 trecentesimo
365 1606 617 1648 septuagesimo
647 1606 801 1648 septimo,
833 1602 915 1635 feria
945 1607 1040 1635 sexta
1071 1602 1155 1635 infra
1186 1607 1327 1636 octavas
1357 1602 1515 1647 paschae.
1545 1602 1548 1604 ’

408 1672 554 1706 ΑήδυΙῑνὶΓι
577 1681 650 1698 saec.
669 1672 743 1699 XIX.
770 1681 822 1698 aus
846 1674 927 1698 einer
950 1674 1151 1706 Confirmalz'on
1176 1673 1225 1698 des
1249 1672 1389 1698 Olmntzer
1405 1672 1594 1707 Domcapitels
1619 1673 1668 1698 dd⁰
1694 1672 1774 1698 1574
1792 1672 1869 1698 Mar:-
1887 1672 1904 1697 9

513 1725 569 1751 und
592 1725 653 1750 (lem
678 1724 904 1759 (}1⁴i51.—l⁷itli11111s
928 1725 976 1750 (les
999 1724 1221 1750 tt'eissltirclmer
1237 1724 1413 1750 Stadii-aelios
1437 1725 1488 1750 ιΙιί”
1514 1724 1593 1750 1071
1617 1724 1699 1759 April
1723 1724 1771 1756 24',
1795 1726 1906 1749 semer-

514 1779 565 1803 zei!
581 1776 757 1810 aufhewahrt
775 1779 809 1802 im
828 1776 920 1803 Allml.
938 1776 1133 1802 Meserieselzer
1148 1776 1342 1802 Gutsarcliire.
1360 1792 1401 1795 —
1418 1775 1525 1805 Brimn,
1544 1775 1764 1809 Landesarclziv,
1782 1775 1906 1801 Boczelf-
1926 1776 1935 1787 ‘⁷

512 1829 576 1855 selle
601 1828 770 1863 Summluny.
795 1828 856 1854 ΑΓΙ.
882 1828 1040 1854 Jleseritsch
1067 1829 1134 1854 cml.
1155 1828 1262 1854 Belum.

168 1932 282 1982 177.
1325 1946 1460 1990 [1377]
1489 1947 1593 1990 April
1621 1947 1668 1980 24
1698 1946 1851 1980 Brizana

98 2019 290 2064 Marquaf
310 2019 424 2053 ,Jodols
451 2018 615 2061 bestdtiql
643 2019 715 2052 dem
746 2016 1089 2061 Auynstinerltlosler
1119 2017 1151 2048 in
1175 2015 1393 2049 Leitmnischl
1420 2016 1474 2049 die
1505 2027 1577 2048 rom
1599 2015 1750 2059 Bz'selzof
1762 2015 1902 2049 Jolzamz

314 2091 380 2113 von
413 2079 544 2112 Olmntz
571 2079 755 2123 [selfauflen
786 2077 1048 2112 Weinz-ehenten
1080 2078 1113 2109 in
1143 2076 1289 2110 Zbam'tz
1317 2077 1385 2109 und
1414 2076 1551 2120 belielalt
1580 2077 1682 2110 deren

708 2139 927 2182 Eitelrayemq
958 2140 990 2171 [η
1020 2138 1074 2171 die
1103 2136 1300 2181 Landtasel.

263 2200 420 2248 Jodocus
450 2214 503 2247 dei
531 2216 646 2258 gracia
677 2212 824 2246 marchio
854 2216 887 2245 et
907 2212 1057 2245 dominus
1087 2210 1250 2244 Moravie.
1282 2209 1540 2243 Honorabilibus
1570 2214 1600 2242 et
1633 2209 1801 2254 religiosis
1823 2212 1905 2242 viris

99 2277 201 2320 priori
233 2301 239 2308 .
264 2302 270 2308 .
301 2279 334 2308 et
363 2277 541 2308 conventui
573 2276 765 2307 monasterii
795 2276 911 2306 sancte
932 2271 1048 2305 Crucis
1078 2273 1109 2304 in
1135 2270 1344 2316 Luthomysl,
1375 2270 1501 2303 ordinis
1522 2270 1768 2303 Heremitarum
1798 2272 1906 2303 sancti

99 2334 293 2380 Augustini‚
332 2335 473 2369 salutem
511 2339 544 2368 et
572 2337 704 2368 sineere
743 2333 935 2367 dileccionis
973 2334 1162 2365 continuum
1202 2334 1454 2364 incrementum.
1505 2330 1590 2371 Quia
1629 2329 1669 2362 ad
1706 2333 1905 2363 instanciam

98 2395 301 2429 venerabilis
338 2398 371 2429 in
400 2395 533 2429 Christo
572 2398 674 2440 patris
703 2395 826 2429 domini
854 2393 1016 2427 Johannis
1046 2392 1279 2425 Olomucensis
1317 2394 1477 2437 episcopi,
1517 2394 1571 2436 qui
1600 2402 1660 2436 pro
1690 2402 1750 2424 usu
1780 2393 1901 2435 prioris

100 2460 133 2489 et
161 2460 348 2489 conventus
383 2456 566 2501 supradicti
604 2458 798 2489 monasterii
835 2455 981 2488 decimas
1010 2455 1185 2486 vinearum
1224 2456 1256 2485 et
1285 2455 1451 2485 moncium
1481 2462 1555 2485 cum
1586 2452 1659 2485 aliis
1688 2454 1904 2497 pertinenciis

99 2519 131 2549 in
161 2516 316 2561 Spanicz.
356 2528 420 2561 que
449 2516 526 2550 olim
555 2516 720 2550 Buczlaus
750 2516 897 2561 possedit
927 2518 957 2547 et
988 2512 1111 2556 habuit,
1150 2515 1272 2546 emisse
1302 2515 1530 2557 cognoscitur,
1561 2512 1601 2545 ad
1631 2512 1773 2545 eundem
1803 2523 1905 2557 emp-

101 2579 205 2610 cionis
248 2581 456 2610 contractum
498 2582 647 2610 nostruin
691 2586 893 2610 consensum
936 2573 1085 2608 dedimus
1129 2577 1161 2606 et
1201 2584 1389 2615 assensum7
1434 2572 1628 2605 mandamus
1670 2575 1772 2617 igitur
1809 2572 1906 2605 vobis

257 2662 274 2692 ¹)
297 2661 348 2685 Das
374 2662 399 2685 in
425 2661 470 2684 der
492 2660 611 2684 Uilamde
636 2660 748 2691 felilemle
767 2660 834 2683 ,Inlir
859 2658 937 2691 erqib!
963 2658 1016 2682 sich
1043 2657 1109 2681 nach
1134 2657 1178 2680 der
1200 2655 1320 2680 Urlmnde
1340 2658 1373 2679 im
1393 2656 1453 2680 cod.
1467 2655 1528 2688 dipl.
1544 2656 1641 2681 Μαι-(ιο.
1656 2656 1701 2683 XI,
1719 2666 1745 2689 p.
1759 2657 1800 2682 65,
1821 2665 1859 2679 nr.
1876 2656 1905 2679 74

101 2704 153 2728 und
171 2705 215 2727 der
234 2704 397 2737 Eintragyuuy
418 2706 443 2727 in
464 2704 508 2728 dei·
527 2704 647 2727 Branner
668 2703 803 2734 Laudtafel
822 2702 862 2729 1'1,
883 2711 921 2727 nr.
935 2702 993 2725 6111.

1928 882 1958 907 10

1926 1182 1957 1207 15

1925 1484 1958 1509 <ga

1925 2138 1959 2163 30
