2421 3064
972 214 1055 247 1:337
1872 211 1917 244 :37

114 309 220 343 debeo
249 319 330 354 sepe
359 308 454 342 dictis
483 309 625 342 dominis
655 310 798 344 totaliter
826 315 1019 356 expectare.
1051 311 1120 345 Nos
1145 323 1228 345 vero
1258 311 1439 346 Bochunco
1471 312 1577 346 dictus
1597 312 1728 354 Zerzie3
1758 312 1917 348 Martinus

113 370 154 403 de
183 369 431 403 Drahonovicz.
471 369 587 403 Uncha
627 370 668 403 de
697 370 919 406 Matcliovicz.
956 371 1125 405 Kadoldus
1155 373 1194 405 de
1225 372 1414 415 l'auloviez7
1445 372 1603 406 Nicolaus
1640 373 1680 406 de
1709 373 1917 407 Vt'rahovicz

113 430 220 464 dictus
249 430 290 464 de
317 429 525 463 VVithenmul
556 435 585 463 et
619 430 792 465 Bolezlaus
830 432 870 466 dc
898 432 1034 466 VVessel
1073 444 1136 466 una
1167 444 1239 467 cum
1270 433 1419 478 predicto
1449 433 1598 478 Philippo
1637 437 1669 466 et
1698 444 1757 479 pro
1788 446 1827 466 eo
1858 446 1918 467 nos

112 493 144 524 in
181 490 320 524 solidum
360 501 398 523 ac
432 491 620 524 indistincte
660 492 817 526 benivole
855 492 1042 537 obligantes
1081 504 1141 538 pro
1180 492 1332 526 omnibus
1368 504 1467 538 supra
1504 498 1535 527 et
1565 493 1648 526 infra
1686 494 1781 527 dictis
1820 499 1917 538 atque

112 553 258 596 ipsorum
289 555 390 585 testes
419 554 605 586 existentes
634 564 673 586 ac
693 552 919 595 fideiussores,
951 557 1020 586 rata
1046 558 1076 586 et
1098 558 1192 597 grata
1225 553 1386 587 habentes
1416 557 1635 598 promittimus
1665 557 1770 587 eciam
1792 554 1917 587 eisdem
1956 554 1971 575 ἵ»

113 611 254 645 dominis
291 614 324 644 in
361 611 500 645 solidum
532 623 612 657 sepe
643 616 830 647 nominatos
860 614 974 647 laneos
1004 614 1058 647 vel
1089 614 1242 660 quicquid
1273 614 1413 660 predicti
1443 615 1564 647 domini
1594 615 1761 648 Andreas.
1803 614 1918 648 Sobe-

113 671 208 705 hirdo
238 676 271 705 et
298 671 494 705 Lamberlus
525 678 599 718 aput
632 676 736 718 ipsum
776 673 957 719 Philippum
989 677 1079 707 iuxta
1111 678 1321 708 taxacionem
1352 675 1534 720 predictam
1566 678 1707 708 emerint
1727 675 1782 708 vel
1812 675 1918 709 rede-

112 735 244 773 merint,
287 743 304 765 a
347 731 493 777 quolibet
537 733 669 767 homine
716 734 898 768 secundum
944 737 992 768 ius
1040 740 1128 768 terre
1166 734 1319 768 Moravie
1367 746 1544 769 commune
1588 738 1821 781 inpeticionem
1861 747 1918 769 seu

112 795 353 838 querimoniam
393 798 550 827 movente
589 793 648 827 abs
678 794 821 840 dampno
858 796 1080 841 predictorum
1120 796 1328 829 dominorum
1366 795 1512 840 quolibet
1548 799 1679 841 penitus
1709 795 1918 840 disbrigare:

110 854 255 899 alioquin
294 856 402 888 statim
446 855 484 887 ad
525 857 663 900 primam
709 858 930 889 monicionem
973 867 1088 889 eorum
1128 858 1355 901 cuiuscunque
1397 859 1564 889 civitatem
1604 856 1833 889 Brunnensem
1879 857 1918 889 ad

112 915 288 961 hospitem.
320 925 416 959 quem
449 914 544 948 nobis
575 918 720 960 ipsorum
752 919 940 961 quicunque
979 916 1274 951 demonstraverit.
1313 916 1405 949 titulo
1435 915 1577 960 obstagii
1616 920 1753 950 introire
1783 916 1917 962 quilibet

111 986 186 1009 cum
215 975 343 1009 duobus
373 978 467 1020 equis
497 980 529 1009 et
558 987 623 1009 nno
654 976 787 1010 famulo.
818 988 882 1010 non
913 979 1047 1019 exituri‚
1074 977 1181 1010 donec
1210 977 1356 1022 predicta
1378 976 1533 1010 vendicio
1563 976 1766 1021 disbrigetur
1796 977 1918 1023 plena-

111 1039 193 1070 riter
227 1047 267 1070 ac
305 1036 346 1070 de
382 1035 532 1081 dampnis
570 1039 717 1082 ipsorum
759 1048 817 1082 per
854 1041 959 1083 ipsum
988 1037 1172 1083 Philippum
1203 1038 1257 1071 vel
1295 1049 1355 1083 per
1388 1048 1448 1071 nos
1487 1040 1535 1071 eis
1566 1037 1663 1070 fuerit
1697 1038 1917 1071 satisfactum.

111 1096 181 1132 Sub
201 1096 336 1130 obtentu
366 1101 480 1130 nostre
500 1096 574 1130 fidei
605 1101 637 1130 et
658 1097 794 1131 honoris
824 1100 1013 1131 testimonio
1035 1101 1258 1143 presencium.
1289 1097 1406 1142 quibus
1426 1102 1539 1131 nostra
1560 1109 1634 1131 cum
1656 1100 1758 1143 ipsius
1779 1098 1917 1143 Philippi

110 1157 220 1203 sigillo
251 1168 351 1202 super
380 1157 532 1191 omnibus
570 1158 728 1203 predictis
758 1158 865 1203 sigilla
896 1158 1051 1191 duximus
1080 1158 1310 1203 appendenda.
1354 1158 1473 1192 Testes
1503 1169 1617 1191 eorum
1657 1161 1801 1192 omnium
1832 1169 1917 1204 pre—

110 1223 223 1252 sentes
261 1222 294 1251 et
322 1218 506 1252 adicientes
535 1221 671 1264 insuper
699 1218 828 1252 nobiles
857 1221 950 1252 viros
986 1219 1138 1252 dominos
1167 1219 1334 1252 dominum
1390 1218 1595 1264 Stephanum
1627 1219 1666 1252 de
1696 1218 1917 1261 ThiniowiCZ‚

111 1279 285 1314 Albertum
325 1284 356 1312 et
397 1278 572 1312 Nicolaum
617 1279 657 1312 de
700 1278 918 1321 Ottazlavicz,
960 1279 1116 1313 Milicium
1161 1280 1201 1312 de
1229 1278 1396 1313 Namescz
1439 1284 1470 1313 et
1513 1279 1680 1313 dominum
1724 1279 1833 1313 Adam
1878 1279 1918 1312 de

110 1339 258 1374 Chunicz
287 1339 498 1385 presentibus
531 1342 653 1373 nostris
683 1350 796 1373 eorum
827 1340 935 1384 sigilla
965 1342 1070 1372 eciam
1105 1340 1278 1384 conpendi.
1327 1339 1446 1373 Datum
1477 1344 1509 1373 et
1538 1344 1646 1373 actum
1677 1350 1763 1373 anno
1794 1340 1918 1373 domini

110 1401 284 1435 millesimo
315 1403 552 1434 trecentesimo
574 1403 742 1434 tricesimo
764 1403 916 1445 septimo,
946 1403 978 1434 in
1000 1400 1051 1433 die
1072 1400 1319 1446 purificacionis
1347 1400 1444 1433 beate
1464 1399 1570 1434 Marie
1592 1402 1732 1445 virginis
1753 1400 1914 1444 gloriose.

418 1470 504 1505 Origs..
523 1470 610 1505 Ρθιῃ..
632 1470 667 1495 12
692 1480 727 1495 (ιη
747 1470 872 1496 Presselu
892 1471 1037 1505 inanimale
1054 1470 1162 1505 Sieyel:
1212 1470 1241 1502 l)
1266 1470 1303 1497 .S.
1328 1471 1435 1496 FILIP
1450 1491 1455 1496 .
1471 1491 1477 1497 .
1493 1491 1499 1497 .
1514 1470 1589 1496 ENO
1625 1470 1704 1495 Bilsl:
1736 1472 1779 1495 ein
1807 1470 1919 1504 Πηρώ.-

523 1523 555 1553 2)
581 1523 618 1549 .S.
644 1523 721 1549 BOH
736 1543 742 1549 .
759 1545 764 1550 .
779 1543 785 1549 .
801 1524 860 1548 DE.
889 1523 947 1555 OL,
973 1524 1037 1548 :anei
1061 1524 1109 1547 mil
1132 1522 1184 1547 (len
1210 1521 1364 1548 Srlzuabeln
1389 1523 1528 1548 einzrnder
1551 1522 1715 1557 z-nyeltehrle
1738 1522 1918 1556 Voyellmlse:

524 1575 555 1605 3)
581 1575 619 1601 .S.
646 1575 728 1601 MAR
746 1596 773 1601 ..
789 1575 881 1605 ‚lez
905 1576 951 1600 ein,
975 1575 1045 1600 uarlt
1071 1574 1162 1600 reclzls
1184 1574 1340 1609 lliesJendei·
1361 1574 1464 1609 1⁷09?st
1512 1574 1544 1607 4‘)
1577 1574 1614 1601 .S.
1639 1574 1760 1600 VNKO.
1785 1574 1856 1600 le.
1882 1575 1918 1607 D·

522 1627 720 1656 MALKOW;
746 1626 808 1653 Bilcl
827 1626 1006 1654 undenum-la:
1054 1626 1095 1659 5).
1117 1626 1145 1653 S.
1162 1626 1350 1652 CADOLDI.
1376 1626 1437 1653 DE.
1454 1626 1637 1658 PAVLOW‚
1663 1626 1919 1660 Blnmenlopf(?);

524 1679 557 1711 6)
589 1679 627 1706 .S.
659 1679 834 1705 NICOLAI.
865 1679 926 1705 DE.
955 1680 1062 1705 W....
1095 1678 1244 1711 maldram
1293 1679 1323 1711 7)
1356 1678 1394 1705 .S.
1428 1678 1538 1705 BOLE.
1567 1679 1629 1704 DE.
1657 1678 1820 1704 WESSEL.
1854 1680 1920 1703 :arei

525 1732 718 1757 roneimmder
742 1730 935 1765 abqerrena'ete
958 1731 1129 1764 Streitaoete;
1176 1730 1209 1763 8')
1235 1730 1272 1757 .S.
1289 1730 1424 1757 STEPH.
1442 1732 1468 1757 Ῐ)
1483 1751 1489 1757 .
1504 1751 1510 1757 .
1526 1751 1541 1762 .,
1566 1730 1744 1763 (ΙηθνὴιιΙΙῑρη
1770 1730 1826 1756 und
1851 1730 1918 1756 oher

523 1783 576 1808 ihm
603 1785 665 1809 eine
690 1783 778 1810 Rose:
825 1783 858 1816 9)
880 1784 916 1809 .S.
934 1783 1117 1809 ALBERTI.
1143 1783 1204 1809 DE.
1223 1782 1495 1813 OTOZLAWICZ;
1519 1782 1768 1817 selerayliegsemlei·
1793 1781 1918 1807 Zinnen-

521 1836 636 1868 streisen
674 1836 745 1861 nach
772 1839 854 1861 mzten
878 1836 1012 1871 qeh-eltrt:
1062 1834 1113 1867 10)
1139 1834 1326 1861 ....ICOL.
1352 1835 1412 1860 DE.
1438 1834 1613 1860 OTZLAW.
1650 1833 1712 1859 Bilsl
1737 1836 1786 1859 trie
1810 1833 1852 1859 bei
1878 1834 1917 1861 9:

524 1887 577 1920 11)
609 1886 629 1920 ’ξ-
660 1887 687 1913 S.
719 1887 865 1913 MILICIl
897 1888 949 1913 Dr:
984 1887 1142 1918 NAMIZT,
1174 1888 1237 1912 rier
1272 1895 1323 1911 ron
1360 1888 1447 1912 einem
1484 1886 1593 1912 lfleinen
1620 1885 1702 1912 lsi-eis
1736 1886 1916 1920 ausyelwude

523 1939 632 1973 Pseiler:
680 1940 732 1973 12)
763 1939 783 1974 †
807 1939 835 1966 S.
852 1940 942 1965 ΑΒΕ.
961 1940 1022 1965 DE.
1041 1938 1201 1971 (JHVNIQ
1227 1938 1509 1971 anfrecletsteheuder
1531 1938 1604 1964 Iinlcs
1627 1938 1807 1974 yewenslelei·
1828 1937 1916 1963 Lucre.

527 1992 687 2027 Wiuinyuu.
709 1991 802 2025 furstl.
827 1990 1154 2025 schmurz-euberyisches
1178 1989 1283 2016 Archiv
1309 1990 1342 2023 ΙΙ,
1368 1989 1437 2023 436,
1463 1998 1508 2017 nr.
1535 1990 1562 2016 1.

420 2044 508 2070 Einen
534 2044 748 2077 massalarlicher
772 2043 889 2077 Aust-ny
912 2052 933 2068 s.
953 2042 1068 2077 Reyesta
1094 2042 1244 2068 Boliemiat*
1268 2045 1294 2068 el
1317 2041 1461 2068 librariae
1483 2042 1527 2069 11⁷.
1549 2051 1576 2076 p.
1602 2042 1673 2068 8¹54.
1698 2050 1742 2068 ur.
1768 2041 1862 2068 2190.

178 2147 259 2195 45.
1433 2162 1530 2196 1337
1561 2163 1645 2196 Jam·
1673 2162 1690 2196 1
1723 2162 1863 2195 Fnlnelc.

109 2234 256 2279 Pfarrer
285 2234 440 2268 Mladola
480 2244 543 2266 1:011
583 2233 711 2266 Fulnelt
746 2236 832 2266 sest-l
869 2234 941 2266 [lem
982 2232 1126 2266 Richter
1164 2232 1310 2265 Isonrad
1340 2232 1505 2275 Mattius,
1541 2231 1641 2265 Peter
1671 2231 1916 2276 Sprinqinsqut

112 2297 181 2329 wid
208 2296 312 2330 deren
342 2295 460 2328 Erben
490 2296 588 2328 einen
618 2293 716 2327 Lalm
747 2295 777 2327 in
810 2294 1064 2338 Gerlachscfflrf
1085 2304 1194 2337 qeyele
1223 2292 1410 2326 bestimmte
1436 2292 1810 2337 Ze'nscerpslz'cletanqen
1840 2303 1914 2326 (lu-5.

262 2364 439 2412 Noverint
476 2380 625 2411 universi
661 2377 700 2410 ad
736 2387 818 2422 quos
854 2387 993 2422 presens
1028 2378 1186 2420 scriptum
1217 2375 1403 2415 devenerit,
1440 2375 1526 2420 quod
1562 2386 1626 2419 ego
1655 2374 1803 2408 Mladota
1837 2373 1914 2419 ple-
1936 2380 1964 2403 -ὶῖ

108 2438 214 2473 banus
249 2442 281 2473 in
311 2438 439 2472 Fulnek
475 2450 518 2472 ex
552 2438 670 2472 favore
709 2442 740 2470 et
770 2440 860 2470 iussu
895 2437 1017 2469 domini
1055 2438 1161 2469 nostri
1194 2435 1327 2469 Dirislai
1363 2435 1499 2481 speciali
1534 2439 1566 2468 et
1601 2446 1674 2468 cum
1712 2439 1841 2468 maturo
1878 2446 1916 2467 ac

109 2499 271 2545 prelibato
301 2499 440 2534 consilio
469 2498 686 2545 plebanorum
717 2497 1033 2532 circumsedentium
1063 2497 1194 2530 laneum
1225 2497 1367 2530 dotalem
1398 2507 1492 2530 suum
1522 2499 1554 2529 in
1579 2495 1656 2529 villa
1687 2494 1832 2537 Gerlach
1863 2498 1916 2539 qui

109 2563 140 2593 in
178 2560 316 2594 salutem
354 2564 386 2593 et
421 2559 604 2593 remedium
642 2559 807 2592 ecelesiae
846 2561 877 2591 in
916 2556 1046 2591 Fulnek
1082 2561 1131 2590 est
1168 2561 1328 2602 perpetue
1364 2556 1538 2601 allegatus,
1578 2555 1733 2589 Cum-ado
1770 2554 1915 2588 Mathiae

109 2620 228 2654 iudici³
261 2632 325 2654 nec
359 2631 423 2654 non
459 2619 556 2653 Petro
586 2619 825 2665 Springinsgut
858 2623 956 2663 atque
992 2620 1138 2663 ipsorum
1176 2617 1376 2651 haeredibus
1409 2616 1612 2650 censualiter
1644 2619 1706 2649 rite
1740 2621 1771 2649 et
1805 2618 1913 2649 ratio-

263 2698 289 2727 α)
310 2696 429 2720 Mathiae
448 2697 480 2719 ist
499 2695 734 2727 durchqestricheu,
754 2694 834 2718 iudici
857 2702 902 2717 ron
922 2702 945 2718 u.
967 2693 997 2718 H.
1017 2692 1300 2725 doruberycschrieben.

1942 854 1972 877 lo

1940 1156 1970 1180 15

1938 1472 1971 1495 ’ΖΟ

1938 1730 1970 1754 2.,

1937 1992 1970 2016 30

1912 2686 1969 2713 '40
