2421 3064
981 206 1061 238 1:376
1850 204 1918 237 135)

115 302 311 335 solemniter
339 305 369 334 et
400 304 524 334 caeteri
555 306 706 336 canonici
737 306 855 338 missas
885 304 996 348 legant
1026 304 1228 338 consimiles.
1276 305 1309 337 ln
1340 316 1404 349 quo
1435 304 1532 348 sesto,
1568 309 1721 350 qiiotiens
1760 307 1821 340 lior
1852 311 1918 341 vita

115 364 235 395 comite
264 365 463 401 occurrerit„
501 366 710 407 praepositus
741 365 931 409 praedictus
961 365 1001 397 (le
1030 367 1148 409 viginti
1188 365 1278 398 libris
1308 376 1407 398 cerae
1437 371 1578 410 ‹piatuor
1608 367 1727 400 lumina
1759 368 1799 400 tle
1829 379 1918 400 novo

116 432 297 467 procurare
327 421 471 455 debebit.
510 434 595 467 quae
624 424 761 457 ardeant
798 428 827 458 in
858 428 1012 470 vesperis
1050 429 1081 458 et
1111 428 1142 458 in
1173 428 1284 467 missa„
1322 430 1353 457 vt
1382 429 1552 460 canonicis
1581 427 1620 460 ad
1653 427 1813 461 bonorem
1845 429 1918 462 l'esti

114 493 175 528 pro
203 493 262 516 sua
291 485 426 528 pitantia
456 494 554 516 unum
587 484 750 518 fertonem
782 489 811 518 iu
832 486 946 530 vigilia
977 490 1009 518 et
1038 486 1135 519 alium
1167 485 1330 519 fertonem
1360 490 1391 519 in
1414 489 1484 531 ipso
1514 488 1566 520 die
1592 488 1677 521 festo
1707 489 1786 522 (lare
1817 494 1916 521 tene-

113 542 201 576 bitur
238 547 270 576 et
307 543 347 575 ad
386 543 571 588 praefatum
612 544 774 590 hospitale
813 546 973 579 tredecim
1011 557 1152 590 grossos
1187 546 1286 582 dabit.
1330 549 1370 579 ita
1411 547 1497 591 quod
1538 548 1673 592 quilibet
1712 549 1916 582 intirmorum

114 613 294 649 pauperum
326 614 386 648 pro
416 614 473 636 sua
505 605 735 638 consolatione
766 605 885 639 liabent
914 618 1012 639 unum
1041 617 1196 651 grossum
1228 606 1443 650 Pragensem.
1489 607 1664 642 Praeterea
1695 609 1780 642 idem
1811 621 1917 655 prae-

113 666 241 709 positus
271 663 565 708 Sternbergensis,
608 668 661 710 qui
698 677 757 711 pro
788 671 938 712 tempore
968 667 1078 707 suerit„
1121 669 1216 700 annis
1254 667 1395 711 singulis
1425 671 1491 700 vita
1530 673 1642 702 nostra
1673 669 1813 702 durante
1843 675 1918 703 ante

114 724 234 757 festum
265 727 531 758 annunciationis
561 725 747 759 dominicae
777 732 852 760 octo
878 727 993 761 diebus
1023 732 1175 761 teneatur
1196 732 1228 760 et
1248 727 1367 761 debeat
1396 728 1645 762 honorabilibus
1666 733 1747 763 viris
1777 730 1918 763 dominis

114 788 215 830 priori
245 789 277 818 et
297 785 439 830 capitulo
464 785 750 820 Lutliomuslensis
781 788 945 821 ecclesiae
974 789 1053 822 dare
1083 793 1115 821 et
1135 791 1360 822 transmittere
1389 788 1470 821 duas
1499 800 1690 833 sexagenas
1719 801 1916 834 grossorum

114 845 332 889 Pragensium
360 849 427 879 suis
457 849 600 891 propriis
630 847 813 892 sumptibus
850 853 881 881 et
910 851 1089 894 expensis;
1136 851 1178 881 ita
1217 848 1303 893 quod
1343 860 1405 882 una
1444 860 1615 893 sexagena
1655 850 1750 883 detur
1787 852 1915 884 custodi

113 916 173 951 pro
202 909 339 950 virginti
368 905 460 939 libris
489 918 588 940 cerae
619 908 866 952 comparandis.
896 912 949 953 qui
979 920 1022 942 ex
1051 920 1089 942 ea
1120 913 1261 954 quatuor
1289 920 1410 942 cereos
1439 910 1614 949 ordinatim
1650 916 1681 944 ut
1703 914 1732 944 in
1755 911 1915 945 bonorem

113 966 284 1010 gloriosae
314 969 456 1011 virginis
498 968 634 1000 ardeant
670 971 700 1001 in
733 972 900 1002 matutinis
943 974 973 1003 et
1010 972 1041 1002 in
1077 972 1189 1004 missa.
1232 970 1328 1002 aliam
1358 981 1442 1003 vero
1484 981 1689 1015 sexagenam
1735 972 1918 1016 assignabit

113 1026 379 1061 Lutliomuslensi
410 1029 565 1073 capitulo.
605 1033 637 1061 ut
667 1030 805 1062 mediam
837 1032 907 1063 eius
936 1034 1063 1075 partem
1102 1034 1131 1063 in
1161 1030 1275 1074 vigilia
1314 1034 1347 1063 et
1375 1030 1512 1063 alteram
1543 1031 1752 1065 medietatem
1784 1036 1816 1066 in
1845 1035 1917 1078 ipso

114 1086 198 1121 festo
228 1098 289 1133 pro
318 1091 452 1133 pitantia
484 1088 626 1122 babeant
656 1094 687 1121 et
717 1094 924 1131 consumam,
954 1093 996 1123 ita
1026 1090 1113 1135 quod
1143 1101 1321 1135 vesperae„
1352 1093 1531 1124 matutinae
1561 1096 1592 1124 et
1621 1095 1652 1124 in
1682 1092 1766 1125 festo
1788 1104 1915 1126 summa

114 1150 212 1181 missa
251 1148 435 1182 solenniter
470 1160 529 1194 per
559 1149 744 1182 antedictos
773 1149 1070 1183 Lutliomuslenses
1108 1153 1289 1184 canonicos
1327 1162 1387 1196 pro
1424 1154 1596 1196 utriusque
1635 1152 1775 1186 hominis
1812 1156 1914 1186 nostri

113 1211 252 1241 sanitate
282 1213 444 1248 cantetur,
475 1213 507 1241 et.
535 1210 619 1242 aliae
649 1213 770 1243 missae
800 1211 954 1255 legantur
982 1210 1022 1243 ab
1043 1210 1106 1253 his„
1136 1213 1189 1255 qui
1218 1214 1359 1255 gratiam
1390 1211 1564 1245 habuerint
1593 1213 1740 1246 divinum
1771 1213 1915 1247 osticium

112 1269 307 1314 peragendi.
354 1269 435 1303 Item
467 1270 632 1303 tenebitur
661 1271 747 1304 idem
777 1274 999 1316 praepositus.
1038 1274 1091 1316 qui
1121 1282 1180 1316 pro
1211 1276 1361 1316 tempore
1396 1272 1505 1309 suerit„
1537 1276 1601 1306 vita
1631 1278 1743 1306 nostra
1775 1274 1915 1307 durante

113 1332 208 1363 annis
236 1329 376 1373 singulis
406 1330 556 1364 similiter
585 1335 660 1363 ante
699 1330 818 1364 festum
857 1334 1123 1365 annunciationis
1161 1332 1348 1365 dominicae
1386 1333 1593 1378 praedictum
1632 1338 1759 1379 septem
1800 1334 1915 1367 diebus

114 1389 361 1424 honorabilibus
403 1395 435 1424 et
464 1391 630 1435 religiosis
661 1392 801 1425 dominis
832 1395 1021 1436 praeposito
1051 1396 1083 1425 et
1112 1395 1281 1426 canonicis
1311 1395 1505 1426 monasterii
1535 1397 1773 1427 canonicorum
1804 1405 1914 1439 regu—

112 1451 228 1484 larium
272 1451 561 1485 Landskronensis
604 1458 738 1486 nostrae
781 1452 1065 1486 Lutliomuslensis
1109 1453 1253 1486 diocesis
1297 1457 1522 1487 transmittere
1565 1465 1662 1487 unam
1706 1466 1912 1497 sexagenam

112 1522 307 1556 grossorum
346 1511 565 1557 Pragensium
609 1516 676 1546 suis
721 1516 862 1559 propriis
905 1513 1087 1558 sumptibus
1130 1518 1163 1546 et
1204 1516 1373 1558 expensisq
1416 1518 1450 1546 ut
1491 1517 1714 1559 praepositus
1758 1518 1811 1559 qui
1854 1526 1914 1561 pro

111 1576 262 1617 tempore
292 1572 402 1615 fuerit⁷
442 1584 500 1618 pro
532 1574 638 1606 media
668 1585 840 1618 sexagena
879 1585 1075 1618 grossorum
1115 1578 1256 1618 quatuor
1293 1574 1414 1606 lumina
1453 1579 1621 1619 procuret,
1661 1586 1746 1619 quae
1775 1576 1912 1609 ardeant

111 1635 143 1666 in
172 1635 326 1678 vesperis
356 1637 388 1666 et
417 1636 446 1666 in
477 1636 590 1673 missa„
620 1639 650 1666 et
680 1634 776 1667 aliam
808 1634 1016 1667 medietatem
1047 1645 1242 1678 sexagenae
1272 1645 1332 1679 pro
1362 1645 1398 1667 se
1428 1638 1460 1667 et
1488 1638 1658 1668 canonicis
1687 1647 1747 1681 pro
1778 1639 1912 1681 pitantia

111 1692 257 1727 babeant
285 1698 317 1727 et
346 1699 562 1735 consuinantg
593 1697 635 1727 ita
667 1695 752 1739 quod
784 1694 940 1727 solennes
961 1706 1127 1740 vesperae
1157 1699 1187 1728 et
1218 1697 1249 1728 iu
1279 1694 1364 1728 festo
1393 1706 1519 1728 summa
1550 1698 1649 1728 missa
1678 1696 1824 1729 solennis
1854 1708 1914 1742 per

111 1754 296 1788 antedictos
333 1757 514 1788 canonicos
543 1754 841 1788 Landslu·oneiises
879 1759 1064 1791 cantentur.
1103 1760 1135 1789 et
1173 1756 1258 1789 aliae
1297 1758 1419 1788 missae
1454 1755 1608 1799 legantur
1645 1767 1704 1801 pro
1742 1759 1912 1802 utriusque

111 1818 215 1849 nostri
245 1815 387 1849 hominis
417 1818 587 1861 sospitate.
632 1815 811 1849 Praeterea
832 1815 917 1848 idem
948 1818 1169 1861 praepositus.
1200 1819 1253 1861 qui
1283 1827 1342 1861 pro
1367 1820 1518 1861 tempore
1547 1816 1657 1859 luerit„
1687 1821 1761 1861 post
1789 1816 1912 1850 obitum

109 1880 258 1910 nostrum
288 1879 319 1909 in
348 1879 582 1910 anniversario
612 1881 727 1910 nostro
757 1879 926 1921 perpetuis
956 1876 1160 1922 temporibus
1189 1876 1330 1909 affuturo
1360 1879 1530 1910 canonicis
1560 1876 1717 1910 fratribus
1755 1880 1822 1910 suis
1852 1888 1912 1922 pro

110 1939 244 1982 pitantia
282 1948 381 1970 unum
421 1937 585 1970 fertonem
615 1948 811 1981 grossorum
850 1939 882 1970 in
921 1936 985 1979 die,
1024 1948 1088 1981 quo
1117 1936 1255 1981 vigiliae
1292 1936 1522 1979 cantabuntur,
1561 1941 1593 1969 et
1622 1939 1693 1982 ipso
1728 1937 1780 1970 die
1809 1940 1912 1970 anni-

110 2000 253 2031 versarii
290 2000 394 2031 nostri
424 2008 523 2031 unum
562 1997 726 2030 fertonem
767 1997 918 2030 similiter
956 2001 1108 2030 teneatur
1143 1996 1244 2035 dare;
1293 2000 1334 2030 ita
1371 1997 1458 2041 quod
1487 1997 1642 2031 solennes
1672 1998 1808 2041 vigiliae
1838 2009 1910 2030 eum

109 2069 232 2092 novem
262 2058 460 2092 lectionibus
498 2062 528 2091 et
558 2060 658 2091 missa
690 2058 838 2091 solennis
877 2062 1061 2099 cantentum
1105 2062 1202 2102 prout
1240 2061 1291 2091 est
1328 2062 1522 2091 consuetum
1560 2060 1590 2090 in
1620 2060 1766 2102 ipsorum
1796 2058 1912 2091 ordine

110 2119 298 2162 observari,
327 2124 359 2153 et
387 2119 471 2152 aliae
501 2121 622 2152 missae
651 2119 805 2163 legantur
833 2129 893 2163 pro
923 2122 1056 2151 nostrae
1085 2120 1215 2151 animae
1246 2118 1423 2162 refrigerio
1453 2118 1601 2151 salutari.
1640 2117 1682 2150 Et
1711 2121 1742 2151 in
1768 2121 1838 2163 ipso
1860 2118 1912 2151 (lie

110 2182 342 2214 anniversario
371 2182 581 2225 praepositus
611 2182 682 2224 ipse
703 2183 843 2224 quatuor
873 2179 994 2212 lumina
1024 2178 1064 2211 de
1084 2189 1174 2212 novo
1204 2178 1244 2211 de
1273 2177 1454 2212 substantia
1475 2181 1594 2222 viginti
1623 2177 1781 2211 librarum
1812 2190 1912 2212 cerae

109 2251 292 2287 procurare
321 2240 497 2283 tenebitur,
536 2251 621 2285 quae
651 2240 789 2273 ardeant
826 2242 858 2272 in
886 2242 965 2284 ipsis
993 2239 1116 2283 vigiliis
1155 2243 1185 2271 et
1214 2241 1245 2271 in
1276 2241 1397 2277 missa;
1436 2242 1467 2271 et
1496 2238 1661 2272 tenebitur
1688 2238 1775 2272 idem
1805 2250 1911 2284 prae-

111 2305 235 2347 positus
264 2301 382 2335 eodem
412 2304 485 2346 ipso
515 2300 567 2334 die
597 2299 797 2345 pauperibus
826 2299 997 2344 hospitalis
1027 2302 1058 2332 in
1088 2298 1286 2343 Sternberg,
1321 2301 1375 2343 qui
1404 2303 1479 2332 suut
1509 2298 1668 2332 tredecim
1699 2302 1730 2331 in
1759 2309 1909 2341 numero,

110 2363 190 2396 dare
227 2361 362 2395 cuilibet
399 2372 496 2394 unum
531 2371 688 2405 grossum
709 2360 913 2404 Pragensem
944 2364 975 2392 et
1004 2361 1230 2404 campanatori
1261 2358 1301 2392 de
1330 2359 1424 2404 pulsu
1455 2363 1523 2392 tres
1543 2369 1683 2403 grossos
1708 2358 1908 2403 pragenses.

110 2422 292 2456 Tenebitur
327 2425 424 2455 etiam
455 2424 525 2467 ipse
553 2423 763 2466 praepositus
798 2425 873 2453 octo
903 2419 1018 2453 (liebus
1047 2424 1123 2452 ante
1152 2422 1417 2453 anniversarium
1448 2419 1534 2452 diem
1564 2423 1712 2452 nostrum
1742 2422 1911 2464 perpetuis

109 2482 313 2528 temporibus
343 2482 424 2516 duas
445 2492 636 2526 sexagenas
665 2491 861 2525 grossorum
883 2480 1100 2524 Pragensium
1130 2483 1274 2525 propriis
1303 2479 1463 2513 sumtibus
1492 2479 1534 2513 ad
1555 2482 1731 2512 ecelesiam
1762 2484 1910 2513 nostram

109 2543 421 2577 Luthomuslensenl
451 2545 687 2582 transmittere
727 2552 866 2586 quarum
904 2552 1002 2574 unam
1033 2540 1162 2573 custodi
1192 2540 1478 2574 Luthomuslensis
1507 2540 1672 2573 ecclesiae
1701 2550 1761 2585 pro
1791 2542 1909 2584 viginti

109 2603 202 2638 libris
239 2615 339 2637 cerae
372 2606 537 2647 assignari
562 2603 729 2639 volumus.
768 2605 811 2635 ita
841 2606 873 2634 ut
903 2612 947 2634 ex
975 2604 1045 2646 ipsa
1075 2612 1152 2633 cera
1182 2599 1258 2634 fiant
1288 2605 1428 2645 quatuor
1457 2600 1591 2642 lumina,
1620 2611 1705 2645 quae
1735 2600 1911 2638 invigiliis

109 2667 215 2698 nostri
243 2667 465 2698 anniversarii
503 2668 535 2697 et
562 2666 593 2697 in
623 2666 693 2709 ipsa
724 2666 822 2696 missa
853 2662 1010 2702 ardeant3
1049 2661 1144 2694 aliam
1174 2672 1258 2695 vero
1293 2671 1499 2705 sexagenam
1529 2671 1723 2705 grossorum
1754 2659 1907 2704 Pragen—

1759 2726 1807 2749 μέν

1937 855 1968 880 10

1936 1156 1967 1182 15

1934 1458 1966 1481 20

1932 2060 1966 2085 30

1931 2361 1964 2386 35

1929 2662 1963 2687 40
