2421 3064
977 237 1052 268 1:3⁸1
1846 233 1912 266 v191

108 336 216 366 minis.
246 343 319 365 eum
342 344 358 364 a
381 331 475 365 nobis
505 336 636 378 petitur.
669 333 812 367 libenter
841 334 1002 367 adicimus
1024 334 1222 367 tirmitatcm.
1255 335 1343 367 Sane
1374 338 1493 379 peticio
1524 347 1584 380 pro
1606 340 1699 381 parte
1721 336 1915 369 dilectorum

109 393 249 426 liliorum
282 420 288 425 .
321 420 327 425 .
359 392 476 426 decani
516 398 545 426 et
577 395 708 439 capituli
739 395 884 428 ecclesie
915 395 1148 428 (llomucensis
1179 394 1273 427 nobis
1303 395 1449 429 exhibita
1481 396 1684 431 continelmt.
1723 397 1808 441 quod
1840 398 1915 430 olim

109 457 171 499 ipsi
208 454 429 486 attendentes.
470 454 554 498 quod
595 458 801 499 antiquiores
832 458 948 489 vicarii
987 455 1074 488 dicte
1111 455 1267 488 ecclesie.
1308 459 1360 499 qui
1401 457 1527 489 diucius
1568 461 1596 490 in
1628 457 1743 490 eadem
1776 458 1918 490 ecelesia

109 514 314 550 obtinebant.
345 518 375 547 et
407 525 592 558 quanquam
625 516 679 549 illi.
717 519 769 560 qui
807 521 976 561 postremo
1007 515 1184 548 veniebant
1216 520 1245 547 et
1278 518 1307 548 in
1339 517 1455 549 eadem
1487 518 1629 550 ecelesia
1662 517 1821 551 haetenus
1851 530 1916 551 non

109 577 311 617 servierant.
341 575 607 619 assequebantur
636 579 830 620 pinguiores
860 576 1007 609 eiusdem
1039 576 1182 609 ecclesi«¹
1213 579 1381 609 vicarias:
1412 588 1449 609 ac
1482 577 1634 610 volentes
1664 590 1764 623 super
1794 578 1856 611 hoc
1878 579 1918 611 de
1955 584 1971 605 ἴ»

109 646 261 679 congruo
292 635 441 668 remedio
471 637 662 680 providere.
702 637 928 682 capitulariter
957 639 1154 680 congregati
1185 641 1368 670 statuerunt
1401 641 1599 671 unanimiter
1629 643 1660 671 et
1690 642 1794 671 eciam
1818 639 1918 672 ordi-

109 700 241 737 narunt,
285 696 372 740 quod
416 699 568 729 seniores
606 700 722 730 vicarii
767 698 853 730 dicte
896 697 1040 730 ecclesie
1084 697 1267 730 secundum
1311 700 1521 742 recepe-ionis
1565 710 1623 731 sue
1667 698 1830 732 ordinem.
1876 699 1918 732 illi

111 756 278 790 videlicet.
318 756 436 801 quibus
467 760 592 790 vicarie
634 761 665 790 in
696 757 780 790 dicta
820 757 962 791 ecclesia
1001 768 1062 803 per
1091 761 1180 803 ipsos
1210 758 1370 791 decanum
1411 763 1443 791 et
1472 759 1647 802 capitulum
1689 760 1918 793 conseruntur.

110 820 237 863 possint
275 817 315 850 de
345 822 437 850 certo
472 818 573 850 semel
611 818 779 851 ‹liuutaxat
819 819 974 851 meliores
1012 823 1043 851 et
1081 821 1276 863 pinguiores
1315 822 1341 852 si
1372 819 1492 852 vellent
1533 826 1649 864 optare
1680 823 1834 862 vicarias„
1875 823 1916 853 ita

111 883 222 911 tamen
260 878 347 922 quod
387 881 447 922 ipsi
477 881 594 911 vicarii
633 890 691 924 spe
735 881 884 923 opcionis
915 878 1101 912 huiusmodi
1132 882 1343 912 remissiores
1382 890 1447 912 nou
1479 879 1556 912 lieni
1586 891 1663 912 cura
1696 880 1916 922 edificiorum.

110 941 278 973 curiarum
308 941 510 971 vicariarum
543 940 764 983 predictarum
795 950 852 972 seu
884 942 988 973 eciam
1019 942 1087 973 suis
1117 939 1253 972 subditis
1283 943 1455 976 iniuriosi:
1504 940 1659 984 quodque
1689 943 1714 973 si
1745 944 1798 985 qui
1820 944 1920 974 vica—

111 1002 235 1033 riorum
265 1002 411 1044 ipsorum
444 1002 531 1032 circa
562 1003 799 1045 reparaeiones
830 1000 1017 1033 huiusmodi
1048 1002 1260 1033 remissiores
1289 1005 1341 1032 aut
1368 999 1506 1033 subditis
1528 1004 1594 1033 suis
1617 1003 1765 1033 iniuriosi
1797 1004 1921 1046 reperti

111 1062 308 1101 existerent,
353 1070 390 1092 ea
421 1062 496 1092 vice
534 1071 653 1093 carere
692 1060 851 1093 deberent
891 1060 1024 1105 optandi
1063 1060 1230 1093 facultate.
1275 1064 1307 1093 et
1345 1060 1431 1104 quod
1473 1072 1510 1094 ea
1552 1064 1626 1094 vice
1670 1062 1755 1095 illius
1794 1065 1920 1094 vicarie

111 1124 264 1154 vacantis
302 1123 334 1153 et
363 1120 505 1165 optande
542 1120 582 1152 ad
613 1120 749 1153 eosdem
791 1121 951 1153 decanum
991 1125 1020 1153 et
1052 1121 1228 1166 capitulum
1269 1121 1408 1154 collacio
1447 1126 1477 1154 et
1507 1122 1686 1167 disposicio
1725 1125 1919 1166 pertineret.

111 1181 268 1226 quodque
306 1192 348 1214 ex
391 1185 468 1214 tunc
507 1185 653 1214 vicarius
692 1182 745 1215 ille
783 1187 899 1227 optans
930 1184 1088 1214 vicariam
1129 1185 1273 1227 optatam
1304 1186 1433 1214 teneret
1471 1186 1501 1214 et
1533 1182 1741 1227 possideret:
1789 1185 1917 1227 ipsique
1956 1186 1967 1207 Γ

113 1242 260 1275 decanus
289 1246 321 1275 et
350 1242 526 1287 capitulum
558 1247 711 1275 statutum
743 1247 773 1275 et
805 1243 1054 1275 ordinacionem
1086 1242 1274 1275 uniusmodi
1303 1241 1514 1275 obtiimeruut
1554 1254 1614 1287 per
1644 1242 1729 1276 lione
1762 1246 1922 1276 memorie

111 1302 298 1336 Johannem
330 1305 522 1348 episcopum
545 1302 802 1336 Olomncensem
834 1305 1030 1336 auctoritate
1059 1303 1228 1336 ordinaria
1259 1302 1460 1336 confirmari.
1493 1308 1588 1348 prout
1620 1306 1650 1336 in
1673 1304 1775 1337 literis
1796 1309 1921 1349 paten-

114 1363 199 1397 tibus
228 1363 304 1396 inde
334 1362 496 1397 confectis
526 1366 672 1409 ipsorum
703 1367 849 1408 episcopi
889 1368 919 1396 et
951 1363 1082 1408 capituli
1122 1363 1238 1407 sigillis
1268 1366 1400 1396 munitis
1439 1363 1558 1396 dicitur
1588 1364 1716 1409 plenius
1746 1367 1920 1397 contineri.

114 1424 227 1465 Quare
256 1434 316 1469 pro
337 1428 430 1469 parte
460 1424 623 1457 dictorum
655 1424 772 1458 decani
794 1430 825 1457 et
846 1425 978 1470 capituli
1008 1423 1102 1457 nobis
1132 1423 1190 1456 fuit
1222 1423 1387 1457 humililer
1416 1424 1647 1469 supplicatum.
1679 1429 1711 1457 ut
1733 1424 1922 1458 huiusmodi

113 1485 321 1518 ordinacioni
360 1489 392 1517 et
421 1488 541 1517 statuto
572 1484 673 1518 robur
702 1485 970 1518 confirmacionis
1000 1484 1134 1517 adicere
1173 1484 1213 1517 de
1244 1484 1448 1528 benignitate
1478 1485 1660 1529 apostolica
1691 1485 1918 1529 dignaremur.

115 1545 185 1580 Nos
214 1548 316 1590 igitur
345 1545 622 1578 consideracisme
652 1549 825 1579 carissime
855 1549 884 1579 in
908 1545 1040 1579 Christo
1070 1544 1134 1577 filie
1163 1549 1277 1577 nostre
1307 1544 1478 1578 Elizabetli
1510 1545 1739 1579 Romanorum
1771 1548 1922 1590 impera-

114 1609 205 1640 tricis
235 1617 369 1651 semper
398 1610 539 1650 anguste
578 1611 608 1639 et
638 1606 776 1640 Boemie
816 1609 933 1650 regine
971 1606 1106 1639 illustris
1145 1604 1241 1638 nobis
1271 1616 1372 1651 super
1410 1605 1472 1639 hoc
1503 1605 1670 1638 humiliter
1708 1606 1924 1651 supplicantis

115 1666 279 1700 dictorum
311 1666 428 1700 decani
459 1671 491 1699 et
520 1666 651 1711 capituli
682 1665 983 1712 supplicacionilnis
1019 1666 1165 1700 inclinati
1194 1670 1350 1699 statutum
1389 1671 1419 1699 et
1450 1666 1701 1699 ordinacionem
1741 1666 1923 1711 predictam

116 1732 186 1761 rata
223 1726 385 1760 habentes
420 1732 452 1760 et
480 1732 575 1771 grata
615 1738 652 1760 ea
683 1730 882 1760 auctoritate
912 1727 1095 1772 apostolica
1133 1738 1176 1760 ex
1206 1731 1295 1760 certa
1326 1730 1473 1760 sciencia
1504 1726 1738 1760 confirmamus
1776 1731 1808 1760 et
1837 1738 1923 1772 pre-

115 1791 219 1821 sentis
257 1790 371 1833 scripti
401 1790 585 1833 patrocinio
623 1791 877 1821 communimus.
926 1787 1014 1821 Nulli
1053 1798 1135 1832 ergo
1175 1782 1310 1821 omnino
1349 1787 1473 1820 homini
1511 1787 1607 1820 liceat
1647 1787 1732 1820 lianc
1769 1788 1974 1833 paginam''

116 1853 231 1882 nostre
261 1848 531 1882 confirmacionis
561 1853 591 1882 et
621 1851 938 1881 comimmicaeionis
978 1848 1162 1892 infringere
1191 1848 1245 1881 vel
1281 1851 1311 1881 ei
1340 1859 1422 1881 ausu
1453 1851 1631 1880 temerario
1662 1850 1840 1881 contraire.
1890 1847 1925 1881 Si

116 1912 190 1954 quis
228 1913 339 1943 autem
379 1908 442 1942 hoc
481 1913 679 1954 attemptare
717 1912 970 1955 presumpserit.
1008 1909 1280 1953 indignacionem
1317 1911 1552 1954 omnipotentis
1593 1907 1645 1941 dei
1683 1912 1715 1941 et
1752 1907 1925 1941 beatorum

117 1970 204 2004 Petri
234 1974 267 2004 et
286 1969 376 2003 Pauli
406 1970 631 2015 apostolorum
659 1973 730 2003 eius
750 1981 787 2003 se
808 1973 941 2003 noverit
970 1973 1193 2003 incursurum.
1223 1969 1342 2003 Datum
1365 1968 1472 2002 Rome
1501 1973 1579 2014 aput
1608 1973 1757 2002 sanctum
1779 1968 1925 2002 Petrum.

117 2030 159 2064 V.
189 2030 233 2064 kl.
265 2030 465 2071 decembris.
495 2030 705 2075 pontificatus
735 2033 839 2063 nostri
869 2041 955 2063 anno
985 2029 1053 2063 iiii¹2'.

428 2109 571 2142 Abschrisl
596 2112 631 2135 im
656 2110 761 2144 sapim·
788 2110 805 2135 Ι.
829 2109 879 2143 sul.
898 2109 925 2136 P.
946 2109 986 2135 Vl.
1011 2118 1055 2135 ur.
1073 2107 1214 2135 CXXXII.
1238 2125 1279 2128 —
1304 2107 1455 2134 lsremsifflz
1477 2106 1628 2140 sursterzb.
1648 2107 1762 2134 Archiv.

429 2161 504 2187 Nus-le
535 2162 595 2187 (lem
628 2161 726 2187 Druck·
758 2161 898 2187 Leclmers
931 2164 958 2187 in
994 2161 1178 2194 „lensi-liris!
1205 2160 1228 2193 Γ.
1246 2160 1272 2186 d.
1290 2160 1451 2186 Gescliiclete
1478 2159 1608 2185 Muhrens
1634 2168 1660 2186 11.
1677 2159 1851 2185 semes-iens·-
1882 2159 1926 2191 111,

529 2223 558 2247 p.
586 2213 655 2239 150.
688 2222 730 2239 ιη’.
760 2213 797 2239 19
831 2214 887 2239 und
918 2214 971 2239 (len
995 2214 1182 2239 forres-turen
1216 2212 1296 2237 laiezu
1327 2221 1378 2237 1·οη
1405 2211 1514 2245 Snopel:
1538 2213 1564 2236 in
1594 2202 1728 2245 ..C'axopis
1754 2210 1816 2237 Jlat.
1836 2210 1923 2237 Μονα-

533 2265 618 2291 A'A'l'.
640 2275 668 2300 p.
692 2265 729 2291 57
756 2274 799 2291 nr.
818 2265 902 2294 XIX,-
927 2265 1005 2291 hvide
1031 2264 1080 2291 28.
1099 2264 1262 2290 Norember.

189 2409 1560 2460 2221381
1594 2424 1786 2459 Dez-ember
1815 2425 1874 2458 20.

120 2498 271 2544 Bischof
302 2498 403 2532 Pelet·
443 2508 505 2530 con
547 2497 678 2531 Olme'ltz
716 2497 878 2541 bewilliqt
914 2499 1029 2530 selaeu
1070 2495 1315 2529 Leleensleulen
1347 2494 1541 2539 Μαι-(11111111
1580 2505 1644 2527 ron
1676 2494 1824 2528 Jlodritz
1862 2494 1974 2527 1111113.

622 2558 798 2591 Domslau·
829 2568 890 2591 1·οη
923 2557 1057 2601 Lipm'tz-
1089 2557 1429 2599 Gic'tervereim'qmeq.

276 2626 368 2675 Van
398 2643 485 2685 gotis
514 2640 637 2685 gnadin
658 2643 723 2674 wir
752 2640 850 2673 Peter
879 2638 1021 2673 bischoff
1045 2650 1084 2672 zu
1107 2638 1291 2672 Olomuncz
1321 2636 1496 2670 bekennen
1527 2637 1591 2670 und
1613 2641 1667 2670 tun
1693 2636 1780 2670 kund
1811 2636 1925 2670 offen-

121 2701 186 2736 lich
216 2702 278 2736 mid
301 2702 432 2735 dessem
452 2700 556 2735 breffe
585 2701 672 2734 allen
693 2700 755 2734 den
787 2700 827 2734 de
846 2711 890 2745 yn
921 2699 1026 2733 sehen
1055 2698 1136 2732 oder
1156 2698 1262 2732 horen
1282 2698 1389 2732 lesen.
1419 2697 1479 2730 daz
1501 2700 1564 2731 wir
1593 2696 1701 2730 haben
1731 2696 1926 2741 angesehen

1938 885 1970 908 10

1943 1488 1977 1511 *30

1944 2108 1979 2132 :30
