2421 3064
991 257 1074 289 1389
1864 241 1937 274 ‘257

126 349 322 383 deliberatio
361 352 446 382 iuste
485 349 617 395 quidem
657 355 824 387 existimat
864 354 1100 398 religiosorum
1141 362 1344 399 promovero
1383 349 1536 393 collegia.
1582 351 1612 379 ut
1653 358 1717 392 quo
1756 346 1937 391 pluriticuta

123 410 225 443 fuerit
262 414 428 443 orantium
473 410 596 444 devota
636 413 802 449 collectio.
843 417 978 448 maioris
1020 417 1090 459 spei
1130 413 1248 446 fiducia
1293 411 1333 443 ab
1372 411 1607 454 omnipotentis
1636 410 1781 441 numinis
1821 406 1938 438 throno

125 481 274 504 caesareo
303 475 398 513 grata
428 472 517 504 salus
547 484 652 506 sacrie
681 477 833 508 concioni
874 474 1018 508 fidelium
1050 477 1258 519 impetretur.
1308 472 1397 503 Sane
1428 470 1545 503 nobilis
1576 468 1730 501 dominus
1760 466 1940 500 Benessius

127 531 168 564 de
190 529 320 564 Cravar
348 531 430 564 alias
460 531 499 565 de
522 532 715 568 Crumnaw.
747 534 974 568 Romanorum
1006 538 1096 579 regis
1127 544 1270 567 camerae
1299 534 1473 575 magister,
1504 532 1630 562 {unicus
1660 532 1776 561 noster
1804 527 1939 560 charis—

127 594 242 629 simus.
281 594 422 625 sincera}
452 595 570 626 mentis
610 593 792 628 devotione
821 594 916 629 nobis
946 597 1075 628 curavit
1105 605 1308 640 proponere.
1348 591 1434 637 quod
1466 602 1539 623 eum
1577 593 1624 622 ius
1654 592 1849 634 patronatus
1875 598 1940 619 ec—
1979 598 1994 619 5,

128 652 239 685 clesiae
277 652 478 697 parochialis
519 656 548 686 in
581 653 708 687 Fulnek
740 655 974 689 Olomucensis
1014 660 1135 688 nostrae
1174 655 1329 687 dioecesis
1368 652 1406 685 ad
1445 663 1519 684 euni
1560 655 1715 695 tanquam
1753 649 1792 682 ad
1824 658 1940 680 verum

128 716 160 745 et
204 712 390 756 legitimum
423 718 596 758 patronum
636 721 791 760 spectare
821 721 980 750 noscatur
1020 719 1156 761 ipsaque
1187 715 1331 748 ecclesia
1372 711 1508 757 speciali
1547 711 1728 743 devotione
1766 709 1941 742 multorum

128 772 300 806 hominum
343 776 499 807 visitetur
546 778 771 820 continuoque
814 776 919 822 plebis
959 776 1152 810 domesticae
1191 778 1328 821 copiosa
1373 772 1581 806 multitudine
1620 771 1745 804 referta
1785 773 1944 803 noscatur

127 844 167 866 ac
196 836 227 866 in
258 834 479 879 proventibus
510 839 542 868 et
572 835 830 869 obventionibus
867 836 1105 882 temporalibus
1134 836 1342 870 sufficienter
1375 832 1521 866 abundet
1560 836 1591 865 et
1621 834 1750 865 ratione
1780 832 1830 863 sui
1861 832 1943 862 situs

129 898 203 939 apta
234 898 405 930 consistat.
437 899 472 928 ut
501 907 543 929 ex
573 908 611 929 ea
642 896 836 941 religiosum
876 900 1027 942 erigatur
1056 899 1294 930 monasterium
1325 905 1385 940 pro
1416 893 1518 926 divini
1549 892 1657 925 cultus
1687 894 1880 935 augmento.
1912 893 1943 922 et

131 954 217 999 quod
256 957 326 1000 ipse
365 955 406 988 de
444 955 540 989 bonis
579 960 647 990 suis
683 957 921 1002 temporalibus
964 969 981 990 a
1021 957 1084 991 deo
1122 957 1183 991 sibi
1223 956 1354 989 collatis
1393 954 1500 987 eidem
1540 964 1599 998 per
1634 955 1740 997 ipsum
1782 948 1943 994 erigendo

131 1018 336 1048 monasterio
365 1018 397 1049 in
428 1020 516 1049 tanta
547 1016 746 1051 abnndantia
777 1020 967 1051 ministrare
998 1018 1162 1057 decrevit.
1203 1016 1290 1063 quod
1322 1016 1473 1060 religiosi
1503 1016 1566 1047 viri
1596 1023 1718 1046 novem
1749 1022 1822 1044 cum
1854 1021 1944 1055 prze-

131 1078 239 1120 posito
269 1079 301 1109 in
330 1077 500 1120 regularia
530 1077 744 1111 observantia
776 1081 876 1111 vitam
916 1078 1076 1112 ducentes
1107 1078 1283 1112 commode
1314 1080 1433 1111 vivere
1462 1077 1588 1120 possint
1625 1077 1656 1105 et
1686 1076 1715 1105 in
1746 1070 1946 1105 victualibus

131 1146 171 1169 ac
200 1139 323 1169 ceteris
353 1148 467 1169 eorum
508 1137 698 1182 indigentiis
736 1138 877 1183 provide
916 1142 1106 1181 sustentari.
1155 1138 1318 1182 nobisque
1356 1136 1537 1170 devotione
1575 1133 1713 1179 supplici
1754 1132 1948 1176 frequenter

133 1199 257 1238 institit,
297 1201 459 1241 quatenus
489 1198 666 1231 ecelesiam
707 1198 910 1243 praedictam.
948 1210 1020 1244 quae
1060 1200 1186 1244 pridem
1226 1198 1449 1232 inhonorem
1488 1199 1679 1229 sanctorum
1720 1191 1946 1237 apostolorum

131 1256 269 1302 Philippi
307 1262 339 1290 et
376 1257 494 1291 Jacobi
533 1258 667 1291 fundata
698 1263 730 1292 et
758 1264 956 1292 consecrata
991 1262 1111 1301 extitit.
1151 1259 1190 1292 ad
1223 1259 1384 1292 bonorem
1415 1257 1592 1291 salvatoris
1622 1257 1726 1288 nostri
1757 1264 1795 1285 ac
1825 1256 1950 1285 sanctie

132 1319 286 1350 trinitatis
315 1328 354 1350 ac
376 1318 554 1351 individua?
583 1322 716 1352 unitatis
746 1330 832 1352 nunc
863 1320 902 1352 de
923 1330 1013 1353 novo
1043 1319 1103 1353 sub
1133 1320 1224 1353 titulo
1246 1324 1278 1352 et
1299 1320 1523 1363 inscripcione
1553 1327 1591 1349 ac
1613 1314 1781 1348 vocabulo
1811 1312 1951 1346 fundare

133 1382 165 1411 et
194 1388 399 1411 consecrare
438 1381 609 1424 ipsamque
648 1379 826 1413 ecelesiam
866 1382 898 1412 in
929 1383 1165 1413 monasterium
1208 1384 1239 1412 et
1276 1381 1527 1424 praeposituram
1567 1378 1805 1409 canonicorum
1840 1384 1950 1417 regu—

132 1438 248 1472 larium
279 1438 407 1471 ordinis
436 1442 542 1473 saneti
567 1439 748 1484 Augustini
778 1451 896 1473 creare
928 1444 959 1473 et
988 1443 1125 1484 erigere
1154 1451 1217 1474 nec
1246 1451 1310 1473 non
1342 1441 1545 1484 prepositum
1577 1441 1609 1470 et
1638 1439 1840 1469 conventum
1873 1433 1949 1466 dicti

134 1499 259 1533 ordinis
288 1500 471 1532 secundum
504 1511 631 1533 morem
653 1505 682 1533 et
704 1501 980 1534 consuetudinem
1012 1504 1205 1534 monasterii
1227 1500 1508 1544 Sternhergensis
1530 1497 1764 1531 Olomucensis
1795 1495 1949 1527 dioecesis
1969 1502 1975 1512 ⁴

134 1560 297 1594 hactenus
326 1560 527 1594 observatos
557 1564 588 1594 in
618 1572 658 1594 eo
689 1562 802 1594 facere
833 1566 864 1594 et
893 1564 1067 1595 instituere
1097 1572 1135 1594 ac
1162 1573 1222 1606 per
1242 1564 1332 1606 ipsos
1362 1559 1549 1604 regendum
1580 1558 1766 1591 decernere
1796 1557 1949 1588 auctori—

134 1625 201 1654 tate
230 1620 398 1654 ordinaria
430 1621 669 1666 dignaremur:
700 1625 740 1655 ita
773 1622 927 1655 videlieet
957 1623 1043 1667 quod
1075 1625 1321 1668 possessiones.
1351 1620 1450 1663 hona.
1491 1623 1572 1652 iura.
1603 1621 1788 1664 proventus
1818 1619 1851 1648 et
1880 1613 1949 1647 ob-

134 1684 314 1715 ventiones
344 1682 439 1715 dictae
469 1682 669 1727 parochialis
699 1682 852 1715 ecclesiae
881 1681 989 1715 eidem
1020 1685 1211 1728 przeposito,
1243 1681 1400 1715 fratribus
1430 1684 1461 1713 et
1484 1681 1663 1713 conventui
1689 1677 1900 1722 applicentur
1920 1678 1952 1707 et

135 1745 394 1788 incorporentur
423 1745 557 1776 omnino
587 1747 685 1788 atque
715 1743 790 1775 dicti
820 1745 1017 1775 monasterii
1046 1745 1256 1788 praepositus.
1286 1745 1339 1787 qui
1369 1752 1429 1787 pro
1461 1745 1611 1785 tempore
1633 1738 1744 1780 suerit.
1775 1746 1888 1770 curam
1919 1739 1951 1767 et

136 1805 289 1848 regimen
318 1802 445 1836 habere
475 1806 579 1848 possit
618 1807 651 1836 et
679 1802 798 1836 debeat
837 1805 1021 1836 animarum
1060 1807 1091 1836 et
1121 1802 1209 1848 plebi
1246 1808 1400 1847 tanquam
1432 1811 1536 1835 verus
1574 1804 1605 1833 et
1634 1799 1803 1843 legitimus
1836 1800 1951 1842 pastor
1970 1804 1999 1815 ⁶*

137 1866 326 1898 ministrare
355 1863 507 1909 quaelibet
537 1864 690 1897 ecclesiae
719 1867 940 1896 sacramenta.
980 1862 1050 1896 Nos
1071 1866 1172 1907 igitur
1201 1863 1240 1895 ad
1273 1862 1348 1896 dicti
1380 1861 1499 1896 nobilis
1529 1861 1651 1894 domini
1674 1859 1824 1892 Benessii
1854 1858 1951 1889 amici

136 1927 241 1958 nostri
271 1924 459 1959 charissimi
489 1924 622 1958 salubre
652 1927 859 1970 propositum
890 1927 921 1956 et
943 1923 1158 1957 devotionem
1190 1926 1367 1957 sinceram.
1399 1921 1516 1967 quibus
1545 1931 1627 1964 erga
1649 1919 1770 1952 cultum
1802 1917 1949 1951 divinum

136 1984 291 2028 aflicitur⁷
322 1985 592 2018 consideratione
613 1989 736 2018 nostrie
765 1987 883 2017 mentis
904 1987 1008 2017 aciem
1032 1984 1172 2029 provide
1202 1988 1441 2017 convertentes
1463 1982 1502 2015 ad
1525 1981 1686 2015 honorem
1714 1980 1951 2023 omnipotentis

138 2045 192 2079 dei
229 2050 261 2079 et
298 2048 471 2090 signanter
509 2045 550 2079 ob
589 2045 666 2079 illud
705 2044 839 2078 celebre
878 2049 909 2077 et
947 2048 1136 2090 preciosum
1168 2044 1367 2077 vocabulum
1407 2043 1583 2076 salvatoris
1621 2042 1725 2074 nostri
1764 2043 1794 2072 et
1830 2042 1952 2071 sanctae

138 2109 292 2140 trinitatis
334 2109 444 2139 animo
488 2105 671 2139 deliberato
714 2118 752 2138 ac
796 2105 836 2138 de
879 2110 969 2138 certa
1013 2109 1126 2138 nostra
1170 2107 1307 2138 scientia
1351 2102 1595 2137 honorabilium
1634 2103 1784 2134 virorum
1828 2098 1953 2131 domini

139 2167 288 2201 Andreae
317 2167 434 2200 decani
464 2171 495 2200 et
516 2167 650 2212 capituli
680 2171 803 2200 nostrae
824 2166 1060 2199 Olomucensis
1089 2165 1244 2198 ecclesiae
1272 2164 1411 2198 fratrum
1438 2168 1628 2197 nostrorum
1650 2160 1803 2201 consilio,
1833 2158 1952 2191 favore

139 2232 171 2260 et
200 2228 373 2273 capitulari
403 2227 587 2261 accedente
617 2237 784 2260 consensu
815 2225 976 2272 prefatam
1008 2224 1235 2271 parochialem
1266 2226 1443 2258 ecclesiam
1474 2227 1507 2257 in
1536 2221 1664 2257 Fulnek
1693 2224 1726 2254 in
1755 2219 1949 2263 religiosum

139 2290 378 2321 monasterium
410 2287 633 2321 conventuale
663 2290 900 2320 canonicorum
931 2286 1134 2330 regularium
1165 2289 1270 2319 sancti
1300 2284 1482 2330 Augustini
1512 2287 1684 2328 erigimus.
1725 2280 1951 2314 sublimamus.

141 2347 371 2392 dignificamus
414 2352 446 2380 et
484 2347 524 2381 de
562 2357 653 2381 novo
692 2358 858 2388 creamus,
915 2357 977 2379 nec
1015 2356 1081 2379 non
1118 2349 1277 2379 universa
1320 2351 1350 2379 et
1389 2345 1518 2389 singula
1561 2344 1659 2379 bona.
1703 2342 1949 2388 possessione&

139 2409 301 2450 redditus,
332 2419 454 2442 census
483 2412 515 2441 et
536 2407 769 2449 obventiones.
800 2411 883 2443 iura.
913 2406 1082 2439 libertates
1112 2410 1144 2439 et
1170 2409 1393 2440 immunitates
1423 2405 1572 2438 eiusdem
1602 2401 1804 2449 parochialis
1834 2398 1950 2432 eccle·
1992 2410 2002 2422 =·

141 2472 198 2503 siae
235 2472 265 2503 in
296 2469 548 2514 quibuscunque
587 2467 686 2502 rebus
719 2470 917 2505 consistunt.
953 2470 985 2500 in
1013 2469 1120 2512 ipsum
1157 2469 1406 2508 monasterium
1445 2467 1656 2511 praepositum
1688 2467 1719 2496 et
1750 2463 1952 2495 conventum

141 2530 374 2563 transferimus
404 2529 532 2562 meliori
562 2528 661 2562 modo
691 2533 722 2562 et
741 2528 848 2562 forma
879 2526 996 2572 quihus
1025 2537 1201 2572 possumus
1231 2531 1264 2560 et
1284 2527 1448 2563 vatemus.
1478 2526 1713 2566 decernentes.
1743 2520 1831 2567 quod
1860 2518 1953 2564 plebs

143 2590 272 2632 eadem,
303 2601 399 2634 quam
430 2589 505 2623 olim
536 2588 697 2635 plebanus
726 2591 857 2622 rexisse
887 2588 1106 2632 dignoscitur.
1137 2598 1270 2620 exnunc
1298 2590 1329 2620 in
1352 2591 1448 2620 antea
1478 2588 1650 2632 perpetuis
1681 2580 1884 2629 temporibus
1914 2578 1952 2611 ad

144 2650 293 2684 eiusdem
324 2652 496 2696 prepositi.
526 2652 580 2694 qui
609 2660 670 2694 pro
700 2653 851 2694 tempore
881 2648 992 2691 fuerit,
1023 2647 1228 2693 spiritualem
1251 2647 1572 2680 administrationem
1594 2648 1758 2692 pertineat
1789 2647 1819 2675 et
1841 2650 1952 2673 curam

145 2715 243 2755 gerat
281 2721 477 2744 animarum.
523 2709 746 2744 Decernimus
785 2712 903 2745 eciam.
942 2707 1027 2753 quod
1066 2712 1252 2741 conventus
1290 2708 1430 2753 predicti
1469 2711 1660 2741 monasterii
1696 2707 1750 2740 vel
1790 2709 1895 2740 maior
1924 2703 1953 2732 θῐ

1801 2773 1833 2797 33

1966 898 1998 921 10

1969 1199 2001 1223 15

1972 2105 2006 2130 30

1978 2711 2008 2734 lt)
