2421 3064
979 237 1066 269 1392
1853 227 1925 261 295

109 334 315 377 distanciam.
365 338 430 367 tum
475 339 610 380 propter
647 338 775 368 viarum
824 336 1027 377 disci-imma,
1075 338 1139 367 tum
1184 338 1320 379 propter
1363 333 1510 366 modicas
1555 337 1585 366 et
1629 332 1755 365 exiles*
1795 342 1926 364 causas.

109 400 174 428 tum
217 398 354 440 propter
396 405 536 438 magnas
579 406 746 440 expensas
789 406 847 440 pro
890 405 930 428 eo
978 393 1160 431 faciendas,
1210 393 1469 427 deliberavimus
1512 393 1636 427 eisdem
1685 391 1840 425 hincinde
1888 391 1927 424 de

109 465 260 499 congruo
307 454 457 488 remedio
499 455 693 500 providere.
741 458 918 500 presertim
967 465 1040 488 cum
1084 454 1224 487 comoda
1262 453 1466 487 subditorum
1506 454 1706 498 diligencius
1743 456 1773 485 et
1812 462 1926 484 eorum

110 513 261 549 utilitati¹'
300 515 479 548 consulere
518 519 550 548 in
587 520 743 560 quantum
783 515 846 549 deo
875 515 1055 549 adiuvante
1085 525 1262 560 possumus
1293 518 1323 546 et
1353 514 1505 546 valemus
1536 525 1579 547 ex
1610 512 1720 546 debito
1751 512 1928 557 pastoralis

109 575 210 609 officii
248 580 433 610 teneamur.
483 575 602 609 Habito
641 576 781 609 consilio
820 580 1010 609 nostrorum
1050 575 1192 608 lidelium
1230 577 1415 607 statuimus.
1460 573 1689 607 ordinavimus
1727 576 1759 605 et
1789 572 1927 605 fecimus
1965 577 1981 598 ἴ»

110 640 207 681 prout
253 635 464 681 presentibus
511 639 695 670 statuimus.
752 637 956 670 ordinamus.
1005 636 1155 671 facimus.
1205 635 1357 668 volumus
1404 639 1436 667 et
1483 634 1688 667 mandamus.
1736 632 1821 678 quod
1870 643 1929 677 per

110 696 249 742 amplius
291 697 431 741 singulis
474 700 569 730 annis
605 696 809 742 temporibus
856 696 994 730 afuturis
1041 699 1072 730 in
1116 701 1313 742 perpetuum
1359 699 1472 728 certa''
1512 695 1630 727 iudicia
1677 692 1850 737 generalia
1898 695 1928 725 in

110 759 245 790 civitate
283 761 398 790 nostra
428 757 677 803 Hoczenplaga.
722 757 878 791 videlicet
916 760 1055 802 primum
1096 756 1249 789 iudicium
1280 755 1362 789 seria
1393 757 1488 788 tertia
1520 757 1671 799 proxima
1703 758 1776 799 post
1806 752 1927 786 festum

110 819 292 851 nativitatis
330 817 428 851 beate
456 817 562 851 Marie
602 821 744 862 virginis
780 818 929 861 gloriose
967 828 1005 851 ac
1044 817 1174 850 demum
1214 815 1397 850 secundum
1428 814 1510 848 feria
1541 817 1642 848 tercia
1674 817 1826 860 proxima
1857 818 1927 858 post

111 877 288 924 epiphanie
318 878 439 912 domini
470 878 660 912 immediate
689 883 894 912 secuturum.
924 881 1063 911 tercium
1093 888 1177 911 vero
1208 876 1289 910 feria
1321 879 1424 909 tercia
1451 878 1600 921 proxima
1632 879 1705 920 post
1727 874 1925 908 dominicam

110 937 343 972 Misericordia
382 938 519 981 domini.
558 942 714 973 continue
753 943 785 972 et
813 939 1035 984 interpolatim
1070 938 1142 971 lieri
1172 937 1314 971 debeant
1344 941 1375 970 et
1407 936 1585 980 diligenter
1614 938 1756 968 servari.
1796 934 1835 967 ad
1866 945 1929 979 quc

111 998 242 1044 quidem
274 998 393 1032 iudicia
423 1010 540 1033 omnes
570 1004 601 1033 et
631 1000 750 1044 singuli
780 999 896 1033 vasalli
925 1002 1029 1032 nostri
1059 999 1134 1032 dicti
1164 997 1474 1043 Hoczenplagensis
1505 996 1672 1030 districtus
1692 998 1876 1029 convenire
1898 999 1928 1027 et

111 1057 335 1105 comparered
358 1059 500 1093 debeant
527 1071 587 1106 per
615 1071 651 1093 se
681 1060 734 1093 vel
766 1062 1018 1105 interpositame
1040 1070 1218 1105 personam
1249 1058 1402 1091 idoneam
1434 1056 1611 1090 habentem
1641 1056 1681 1089 ad
1710 1056 1774 1089 hoc
1797 1055 1928 1101 plenum

112 1123 144 1153 et
173 1120 320 1165 speciale
350 1119 540 1154 mandatum
571 1124 600 1154 in
632 1124 781 1154 terminis
811 1117 1007 1154 antedictisf
1034 1119 1093 1154 sub
1115 1130 1199 1165 pena
1223 1121 1318 1152 trium
1346 1128 1533 1151 marcarum
1554 1127 1751 1161 grossorum
1773 1115 1929 1159 Pragen-

111 1183 195 1214 sium
220 1180 385 1214 llloravici
415 1184 545 1214 numeri
575 1186 605 1214 et
636 1184 828 1227 pagamenti
858 1192 992 1214 camere
1021 1185 1135 1214 nostre
1165 1179 1402 1213 solvendarum
1433 1189 1493 1224 per
1513 1189 1589 1211 eum
1611 1177 1666 1210 vel
1686 1188 1745 1210 eos
1759 1179 1782 1219 Ω,
1815 1179 1868 1221 qui
1889 1175 1928 1208 ad

112 1241 249 1274 eosdem
282 1244 442 1275 terminos
472 1241 571 1275 modo
601 1242 792 1287 supradicto
823 1252 888 1275 non
916 1244 1084 1275 venerint.
1125 1250 1239 1273 coram
1269 1242 1445 1285 capitaneo
1474 1242 1589 1272 nostro
1618 1240 1649 1271 in
1679 1236 1929 1282 lloczenplaga.

112 1304 166 1346 qui
204 1313 264 1348 pro
293 1307 445 1347 tempore
474 1302 585 1336 fuerit.
630 1313 727 1347 quem
757 1302 796 1335 ad
828 1302 890 1335 hoc
921 1300 1131 1348 presentibus
1163 1304 1241 1346 ipsis
1271 1299 1406 1333 vasallis
1437 1303 1470 1332 et
1498 1298 1627 1332 civibus
1655 1300 1778 1331 nostris
1807 1296 1928 1330 ibidem

112 1361 253 1396 iudicem
284 1362 440 1396 idoneum
471 1367 503 1396 et
531 1363 714 1407 legitimum
745 1366 987 1397 constituimus.
1031 1362 1171 1395 facimus
1201 1366 1231 1394 et
1262 1360 1465 1394 ordinamus.
1502 1362 1544 1392 ita
1575 1358 1662 1403 quod
1692 1362 1763 1403 ipse
1793 1360 1868 1390 vice
1898 1361 1929 1389 et

113 1425 248 1457 nomine
286 1428 402 1457 nostro
440 1427 471 1457 in
511 1427 662 1457 terminis
696 1427 933 1470 suprascriptis
962 1423 1083 1465 audiat.
1126 1421 1241 1455 audire
1271 1426 1301 1454 et
1331 1423 1512 1454 terminare
1543 1419 1661 1452 debeat
1691 1421 1781 1463 ipsas
1811 1428 1929 1451 causas

112 1486 200 1517 inter
229 1494 288 1518 eos
317 1488 504 1518 vertentes.
535 1495 654 1518 causas
684 1484 855 1518 dumtaxat
885 1484 1084 1524 debitorum.
1127 1493 1208 1527 quas
1238 1485 1299 1527 ipsi
1328 1484 1423 1515 cives
1453 1480 1618 1514 adversus
1648 1479 1753 1513 dictos
1782 1478 1928 1512 vasallos

111 1549 247 1578 nostros
276 1544 330 1578 vel
359 1548 421 1590 ipsi
450 1545 568 1578 vasalli
597 1545 762 1579 adversus
782 1548 876 1579 cives
893 1549 1026 1578 nostros
1047 1548 1159 1577 mutuo
1180 1541 1368 1576 habuerint.
1391 1545 1423 1575 et
1443 1543 1533 1574 iuxta
1556 1539 1740 1577 consilium,
1764 1539 1929 1572 dictamen

113 1610 145 1639 et
174 1607 381 1639 sentenciam
411 1605 552 1639 aliorum
581 1606 782 1639 vasallorum
813 1610 845 1639 et
875 1608 997 1639 civium
1027 1608 1217 1637 nostrorum
1247 1602 1367 1636 ibidem
1398 1604 1559 1635 iusticiam
1590 1600 1654 1634 hoc
1684 1599 1783 1633 modo
1814 1599 1928 1633 facere

113 1665 317 1711 expeditam.
360 1668 409 1699 sic
438 1670 560 1707 tamen,
603 1665 692 1711 quod
722 1677 822 1699 cause
853 1669 984 1711 incepte
1014 1668 1046 1698 in
1074 1667 1182 1710 primo
1211 1665 1354 1696 termino
1384 1661 1536 1696 finiantur
1565 1664 1591 1695 si
1621 1664 1760 1706 possint.
1790 1663 1817 1694 si
1846 1670 1929 1693 vero

63 1732 68 1739 '
115 1726 199 1760 liniri
229 1730 260 1760 in
289 1726 408 1761 eodem
439 1730 581 1760 termino
611 1737 676 1760 non
705 1730 844 1772 possint.
874 1729 905 1760 in
934 1725 1083 1759 secundo
1108 1727 1250 1758 termino
1271 1728 1395 1757 extunc
1416 1726 1570 1769 proximo
1593 1721 1767 1763 liniantur3
1797 1724 1824 1754 si
1846 1731 1930 1754 vero

114 1799 178 1822 nec
206 1791 239 1821 in
267 1787 416 1821 secundo
446 1790 588 1821 termino
618 1787 802 1821 finirentur.
834 1792 957 1820 extunc
987 1789 1018 1820 in
1048 1788 1152 1819 tercio
1184 1787 1324 1818 termino
1354 1787 1426 1818 sine
1456 1786 1573 1828 quavis
1594 1782 1742 1815 ulteriori
1765 1781 1928 1814 dilacione
1948 1786 1978 1810 ·ῖ

116 1853 149 1882 et
177 1851 404 1882 excusacione
433 1851 482 1881 sic
512 1848 647 1881 realiter
676 1848 842 1890 finiantur,
873 1847 959 1892 quod
989 1845 1211 1879 creditoribus
1241 1844 1281 1877 de
1312 1843 1431 1877 debitis
1451 1846 1633 1877 contractis
1653 1843 1801 1888 plenarie
1823 1844 1928 1874 satis—

115 1908 181 1942 fiat.
211 1908 337 1942 Damus
366 1911 473 1942 eciam
503 1908 632 1954 plenam
662 1913 862 1955 potestatem
892 1910 952 1952 ipsi
982 1909 1156 1952 capitaneo
1186 1909 1313 1947 nostro.
1349 1907 1402 1950 qui
1432 1915 1492 1950 pro
1521 1909 1672 1949 tempore
1702 1902 1812 1936 fuerit.
1842 1912 1929 1935 sen—

116 1973 243 2004 tencias
282 1969 473 2003 diffinitivas
503 1980 616 2003 coram
646 1972 718 2014 ipso
749 1968 893 2014 prolatas
923 1966 1114 2011 exequendi
1143 1977 1181 1998 ac
1212 1964 1432 1998 demandandi
1462 1963 1572 1997 debite
1602 1965 1801 1997 execucioni
1831 1966 1930 2006 atque

116 2035 232 2068 nostro
260 2033 394 2064 nomine
424 2029 608 2075 recipiendi
637 2040 757 2075 penam
788 2032 884 2062 trium
915 2038 1115 2069 marcarum.
1145 2031 1179 2059 ut
1209 2025 1387 2071 prefertur.
1417 2036 1434 2058 a
1464 2035 1663 2070 quocunque
1685 2034 1750 2056 non
1771 2025 1929 2055 veniente

116 2091 156 2125 ad
187 2091 272 2125 dicta
301 2091 433 2124 iudicia.
465 2096 496 2123 ut
527 2090 707 2136 prefertur.
737 2089 858 2123 nullam
888 2091 1037 2132 graciam
1069 2090 1098 2120 in
1129 2097 1213 2132 pena
1235 2086 1401 2119 faciendo.
1431 2088 1493 2118 nisi
1516 2085 1555 2118 de
1576 2089 1690 2118 nostro
1712 2084 1765 2117 vel
1786 2093 1930 2116 succes-

116 2162 229 2186 sorum
259 2156 449 2185 nostrorum
479 2150 580 2184 fuerit
609 2161 773 2196 expressa
803 2150 985 2182 voluntate.
1034 2147 1249 2181 Presenciuin
1279 2146 1339 2180 sub
1369 2156 1516 2192 appenso
1546 2150 1661 2178 nostro
1690 2144 1799 2189 sigillo
1830 2147 1930 2177 testi-

117 2215 228 2246 monio
257 2213 438 2246 literarum.
487 2211 607 2244 Datum
647 2214 678 2244 in
708 2210 878 2244 Ostravia.
909 2220 995 2243 anno
1026 2208 1148 2241 domini
1178 2205 1542 2241 M⁰CCC⁰LXXXXII¹2
1582 2205 1665 2239 feria
1700 2209 1815 2249 quarta
1845 2203 1929 2237 infra

117 2277 257 2307 octavas
286 2272 536 2319 penthecostes.

429 2342 574 2374 Alis-cleris!
598 2344 633 2367 im
660 2341 872 2375 Lehenquotern
900 2340 933 2371 ll,
956 2349 983 2373 p.
1002 2338 1052 2365 91.
1076 2354 1117 2357 -—
1144 2337 1294 2364 li'remsi'er.
1316 2336 1598 2370 fu1*sterzli.A1‘‹·liir.

429 2393 504 2419 Naeh
537 2394 597 2419 dem
625 2393 736 2419 Druck-e
762 2392 902 2418 Lechners
935 2394 960 2416 in
991 2390 1173 2423 ..Zeilselirifl
1195 2390 1216 2422 f.
1242 2389 1269 2415 (Ι.
1294 2388 1455 2414 Gesclzirlite
1480 2387 1609 2413 Malu-ens
1644 2396 1670 2413 ιι.
1696 2387 1871 2413 8(Ἰιῖε’5ιέ>ιιε’·ι
1905 2386 1931 2412 1’.

529 2454 557 2479 p.
577 2445 647 2472 256.
673 2454 717 2471 nr.
736 2444 774 2470 4⁷5
794 2443 852 2470 und
867 2444 919 2469 (len
938 2444 1127 2468 Carrei-turen
1145 2442 1226 2467 hiesu
1250 2450 1300 2467 ron
1319 2440 1429 2474 Snopelz
1447 2441 1473 2464 in
1491 2431 1626 2473 ..shisopis
1641 2438 1702 2465 Mat.
1720 2436 1811 2465 Jlor.“
1832 2438 1931 2464 XXVI.

530 2496 809 2531 p.5s‚nr.XL17.

276 2555 304 2589 a)
325 2556 385 2580 lls..·
405 2555 503 2579 exules.
578 2553 606 2586 b)
626 2554 685 2578 Hs.:
705 2554 829 2577 utilitate.
903 2562 914 2575 e
947 2552 990 2575 lls.
1012 2551 1062 2574 nm!
1084 2550 1198 2574 Drucke:
1219 2551 1296 2573 circa.
1369 2550 1383 2571 d
1416 2548 1474 2572 Hau:
1495 2555 1656 2579 comparare.
1729 2557 1751 2571 e.
1773 2548 1833 2571 Hs„-
1854 2549 1931 2571 imer-

120 2602 231 2631 portam.
304 2600 325 2630 ff
346 2599 404 2623 Hs.:
425 2598 596 2622 antedictam.
670 2596 697 2629 g)
718 2597 779 2621 Ils.:
800 2604 852 2620 eas.

1951 882 1980 905 lt>

1952 1183 1982 1207 15

1949 1484 1982 1507 2«)

1951 2086 1984 2112 30

1951 2388 1984 2413 35
