2421 3064
986 232 1068 264 1:364
1876 227 1923 261 77

121 327 331 373 Wenceslay
373 329 525 372 proxime
568 328 700 361 afuturo
743 328 838 362 dictis
881 332 1003 363 nostris
1046 329 1266 363 creditoribus
1317 331 1519 375 sepedictam
1560 333 1730 375 pecuniam
1771 331 1925 364 videlicet

122 390 297 432 sexaginta
341 398 471 420 marcas
513 398 708 431 grossorum
753 389 888 422 solvere
932 394 964 422 et
1006 392 1128 434 paratis
1171 393 1320 434 pecuniis
1363 402 1536 436 expagare
1579 390 1741 424 dilacione
1784 391 1927 435 qualibet

122 448 341 494 proculmota.
391 448 484 488 Quod
524 451 550 481 si
581 459 645 482 non
684 450 876 492 fecerimus,
915 450 999 494 quod
1034 449 1130 491 absit,
1166 454 1290 483 extunc
1329 450 1391 483 duo
1422 456 1581 484 nostrum.
1620 454 1808 495 quicunque
1838 455 1926 496 prius

122 511 208 542 inter
244 519 305 542 nos
335 507 578 541 amonebuntur
617 520 675 554 per
712 510 897 544 antedictos
936 515 1068 543 nostros
1105 510 1303 544 creditores.
1344 522 1421 544 mox
1451 512 1582 545 domum
1622 511 1750 544 honesti
1790 511 1926 557 hospitis

123 571 266 603 civitatis
295 567 413 614 Lipnik
450 568 546 602 nobis
584 581 643 614 per
672 571 808 603 eosdem
847 574 1049 615 assignatam
1086 582 1159 604 cum
1199 570 1327 604 duobus
1357 571 1486 604 famulis
1523 577 1555 605 et
1583 576 1724 616 quatuor
1759 575 1852 617 equis
1882 573 1921 605 ad

122 629 335 674 prestandum
366 640 482 662 verum
522 634 555 662 et
584 635 778 664 consuetum
819 631 1005 675 obstagiuiu
1044 631 1169 676 absque
1200 631 1341 676 qualibet
1376 631 1646 665 contradiccione
1685 637 1715 665 et
1747 635 1925 666 occasione

122 689 322 723 tenebuntur
350 689 548 723 subintrare.
595 690 697 723 Nobis
720 702 802 724 vero
832 691 1099 725 continuantibus
1128 691 1282 736 obstagio
1304 694 1334 725 in
1357 692 1506 736 predicto
1537 693 1787 736 quatuordecim
1810 693 1925 726 diebus

122 750 246 796 elapsis
284 749 370 783 dicta
400 753 539 795 pecunia
579 751 723 784 nondum
761 753 941 797 persoluta.
985 755 1133 797 protinus
1171 753 1224 785 alii
1261 753 1325 785 duo
1363 763 1406 786 ex
1435 752 1542 786 nobis.
1582 756 1769 798 quicunque
1806 756 1922 787 iteruin

124 813 236 844 moniti
265 809 387 843 fuerint
425 821 485 856 per
513 812 722 856 supradictos
751 818 885 846 nostros
922 814 1119 855 creditores,
1158 824 1231 846 cum
1261 812 1389 846 duobus
1424 812 1554 846 famulis
1592 818 1620 845 et
1652 818 1792 858 quatuor
1830 817 1924 858 equis

123 871 162 904 ad
192 873 317 917 primos
347 870 429 904 duos
460 870 592 904 domum
623 871 661 904 ad
684 872 822 905 eandem
853 876 885 906 in
906 873 990 906 dicta
1021 876 1155 906 civitate
1175 873 1291 918 Lipnik
1321 874 1359 906 ad
1391 873 1566 906 tenendum
1589 884 1705 906 verum
1737 874 1923 918 obstagium

122 931 299 965 subineare
329 930 537 964 tenebuntur.
571 931 610 964 Et
631 932 862 966 nichitmninns
891 933 1045 966 antedicti
1076 937 1179 967 nostri
1208 934 1393 967 creditores
1414 934 1616 979 sepedictam
1647 938 1820 979 pecuniam
1842 938 1926 967 inter

123 990 330 1025 Christianos
366 997 419 1024 aut
457 994 543 1025 inter
571 991 695 1026 ,ludeos
734 993 822 1027 licite
861 993 978 1027 debent
1018 997 1218 1039 conquirere
1256 999 1309 1028 aut
1349 994 1535 1039 ubicunque
1574 998 1736 1039 potuerint
1776 999 1924 1027 nostrum

122 1055 267 1085 omnium
303 1054 334 1085 in
372 1052 579 1097 dispendium
627 1057 658 1085 et
696 1064 894 1097 gravamen,
932 1058 964 1086 et
997 1065 1128 1087 necnon
1166 1065 1268 1099 agros
1304 1058 1382 1100 ipsis
1429 1054 1593 1099 obligatos
1630 1055 1737 1087 medio
1776 1060 1926 1100 tempore

122 1117 238 1146 tenere
268 1112 389 1146 debent
417 1117 447 1146 et
479 1112 615 1147 habere.
659 1113 752 1147 nobis
782 1125 865 1147 vero
896 1126 958 1147 non
989 1114 1189 1148 exeuntibus
1219 1114 1372 1159 obstagio
1405 1115 1446 1148 de
1475 1115 1635 1160 predicto,
1666 1115 1771 1148 donec
1801 1127 1925 1161 supra-

124 1172 208 1206 dicta
247 1175 385 1218 pecunia
424 1184 486 1206 una
525 1184 597 1206 cum
638 1173 788 1220 dampnis
830 1175 982 1208 omnibus
1021 1175 1166 1221 desuper
1203 1178 1336 1217 acretis,
1375 1186 1439 1220 que
1476 1174 1619 1220 probare
1648 1179 1802 1220 poterint.
1846 1178 1925 1221 ipsis

123 1233 267 1267 totaliter
295 1233 395 1267 fuerit
423 1234 603 1279 persoluta.
642 1233 684 1267 Et
713 1238 818 1268 eciam
850 1238 876 1268 si
905 1236 1065 1281 sepedicti
1096 1239 1199 1269 nostri
1229 1236 1414 1269 creditores
1450 1239 1481 1268 in
1511 1235 1595 1268 dicta
1626 1235 1837 1279 obligacione
1868 1247 1926 1281 per

122 1294 263 1339 aliquem
306 1294 544 1339 inpedirentun
589 1295 675 1339 quod
719 1295 815 1338 absit,
858 1306 918 1329 nos
957 1299 1080 1341 pariter
1122 1299 1341 1342 promittimus
1384 1296 1524 1330 eandem
1568 1296 1712 1329 totaliter
1745 1296 1926 1341 exbrigare

122 1354 301 1388 secundum
332 1357 381 1388 ius
411 1359 500 1388 terre
523 1354 689 1392 Mor-avie
720 1367 791 1388 cum
824 1355 864 1389 de
893 1356 957 1389 hoc
988 1359 1100 1389 moniti
1129 1368 1189 1402 per
1217 1360 1308 1402 ipsos
1337 1356 1518 1398 fuerimus·7
1561 1356 1645 1401 quod
1676 1360 1703 1390 si
1733 1368 1797 1390 non
1827 1357 1925 1391 sece-

122 1417 236 1457 rimus‚
279 1419 356 1448 tunc
391 1415 454 1448 duo
493 1420 654 1457 nostrum,
692 1419 878 1461 quicunque
916 1419 1002 1450 inter
1040 1428 1100 1450 nos
1140 1420 1252 1450 moniti
1290 1416 1423 1460 fuerint,
1466 1428 1538 1450 cuni
1579 1416 1706 1450 duobus
1736 1417 1865 1450 famulis
1895 1422 1925 1450 et

121 1480 261 1520 quatuor
290 1479 384 1521 equis
413 1475 600 1520 obstagium
632 1480 661 1510 in
692 1480 826 1510 civitate
847 1476 964 1522 Lipnik
995 1488 1072 1510 mox
1102 1477 1301 1511 tenebuntur
1330 1477 1529 1511 subintrare.
1560 1477 1679 1510 deinde
1709 1488 1772 1510 non
1803 1481 1924 1511 exituri

122 1536 162 1570 de
191 1536 340 1581 predicto
369 1535 535 1581 obstagiO.
575 1537 683 1570 donec
714 1537 798 1570 dicta
829 1537 995 1581 obligacio
1034 1538 1131 1571 fuerit
1160 1541 1240 1583 ipsis
1270 1537 1446 1582 exbrig-ata
1484 1542 1536 1570 aut
1567 1537 1756 1583 supradicta
1786 1540 1925 1582 pecunia

123 1596 266 1630 totaliter
294 1597 474 1642 persoluta.
508 1596 633 1630 Harum
664 1597 781 1642 quihus
810 1597 919 1642 sigilla
950 1603 1061 1631 nostra
1091 1603 1165 1631 sunt
1195 1609 1343 1644 appensa
1373 1601 1561 1632 testimonio
1591 1598 1772 1631 literarum.
1804 1598 1925 1631 Actum

119 1660 153 1690 et
181 1657 290 1690 datum
320 1656 381 1691 sub
410 1668 498 1690 anno
528 1657 703 1691 millesimo
734 1660 970 1691 trecentesimo
999 1661 1216 1703 sexagesimo
1245 1664 1375 1704 quarto,
1405 1658 1543 1692 sabbato
1573 1664 1649 1692 ante
1678 1658 1798 1691 festum
1819 1658 1926 1692 Marie

120 1717 319 1762 Magdalene
348 1718 449 1752 vidue
478 1718 637 1763 gloriose.

427 1787 513 1822 Oriy.3
538 1787 626 1822 Pery..
652 1787 848 1822 ursprimslliclt
874 1787 892 1813 6
916 1788 1007 1823 Sieqe!
1030 1797 1065 1814 ιιη
1093 1789 1241 1822 P1·esse111;
1268 1789 1301 1819 1)
1318 1788 1338 1823 ἢ
1354 1788 1579 1815 LVBANONIS
1604 1789 1656 1814 DE
1680 1788 1816 1815 TRISIC.
1849 1788 1924 1814 Helm
1964 1792 1975 1796 ”

531 1841 578 1865 mit
602 1840 646 1873 N‚·
672 1840 704 1872 2)
719 1840 807 1873 [θήῃ
825 1839 857 1873 3]
875 1861 881 1867 .
896 1861 902 1866 .
919 1861 925 1866 .
942 1840 1022 1866 RAL
1036 1861 1042 1867 .
1057 1861 1062 1866 .
1077 1861 1093 1867 ..
1119 1840 1282 1874 {lcii-ic011s;
1307 1841 1340 1873 4')
1363 1842 1410 1867 die
1435 1840 1589 1873 Umscliris't
1613 1840 1789 1867 unlesrrliz-lt.
1808 1840 1925 1867 Hirsch-

530 1892 634 1926 θρα-εἰῇ
669 1892 722 1924 auf
747 1892 809 1917 dem
838 1891 952 1920 Ilelme:
989 1892 1020 1925 5)
1045 1891 1065 1926 ’ἲ
1089 1892 1116 1918 S.
1142 1893 1170 1918 M
1189 1913 1194 1917 .
1211 1913 1216 1918 .
1234 1913 1239 1918 .
1257 1913 1262 1918 .
1294 1892 1459 1918 DRAHAT
1481 1912 1486 1917 .
1504 1912 1509 1918 ,
1527 1913 1532 1917 .
1550 1913 1564 1924 .,
1599 1894 1664 1917 wei
1686 1892 1926 1925 walderum-ner,-

532 1944 565 1976 6)
590 1964 694 1970 .....
719 1943 838 1969 RONIS
1015 1946 1059 1970 ein
1096 1945 1168 1970 mich
1201 1944 1292 1970 reclus
1322 1944 1497 1979 qen-eudemi·
1528 1943 1606 1969 Lon-e
1630 1944 1687 1976 nus
1705 1946 1794 1970 einem
1821 1944 1925 1970 Felseu.

530 2010 571 2013 —-
601 1995 757 2031 ll'illi'nffliu.
780 1995 873 2028 fu‘rsll.
899 1995 1228 2031 Seliurar-„eiiberyisclees
1252 1995 1366 2027 ,iselam
1391 1995 1463 2021 Fam.
1489 1995 1641 2021 Preslurllf.

188 2158 268 2206 95.
1421 2174 1518 2208 1364
1548 2175 1621 2208 Juzz·
1649 2174 1696 2208 18
1728 2175 1871 2209 mnu-its.

123 2244 268 2289 Pfarrer
296 2244 416 2278 Dobes'
444 2247 476 2278 in
506 2244 682 2278 Bilawslfo
713 2245 780 2278 und
810 2244 926 2278 Dobes
957 2256 1018 2277 vote
1058 2243 1224 2277 tt'itz-how
1254 2244 1472 2278 beurlmmlen
1502 2245 1557 2277 die
1580 2244 1841 2289 Galertleee‘lunq
1870 2247 1927 2278 mit

432 2305 528 2339 ihren
557 2305 720 2339 Brildern
752 2305 965 2338 Tkeoderielz
995 2305 1062 2338 mid
1089 2304 1247 2337 Mladota
1277 2316 1340 2338 ron
1370 2304 1605 2338 Prusinowitz.

281 2372 369 2432 Ego
402 2386 587 2421 Dobessius
626 2387 786 2433 plebanus
824 2387 969 2421 ecclesie
1007 2389 1038 2420 in
1070 2386 1253 2432 Bylawska
1292 2391 1324 2420 et
1357 2398 1421 2431 ego
1450 2386 1635 2420 Dobessius
1675 2387 1715 2421 de
1744 2387 1928 2421 VViczkow

121 2452 235 2481 notum
273 2447 414 2482 facimus
451 2448 605 2481 omnibus
642 2453 831 2494 presentem
870 2448 1011 2481 litteram
1041 2450 1255 2493 inspecturis.
1293 2447 1381 2492 quod
1410 2458 1471 2480 nos
1508 2452 1637 2492 partem
1666 2459 1781 2481 veram
1822 2447 1928 2481 here-

123 2507 274 2542 ditariam
304 2511 441 2542 racione
462 2507 636 2542 divisionis
657 2519 674 2542 a
696 2508 852 2542 fratribus
881 2511 1004 2541 nostris
1024 2507 1236 2541 Theoderico
1266 2512 1298 2541 et
1319 2507 1462 2541 Mladota
1492 2507 1701 2552 integraliter
1720 2513 1751 2541 et
1772 2508 1928 2553 conplete

123 2571 323 2614 recepimus.
354 2573 386 2601 et
415 2568 547 2614 quidem
577 2574 704 2615 partem
735 2571 814 2614 ipsis
842 2571 964 2602 nostris
993 2567 1162 2609 fratribus,
1184 2567 1339 2601 videlicet
1359 2567 1570 2601 Theoderico
1599 2572 1631 2601 et
1654 2567 1823 2602 Mladotbe
1843 2579 1927 2613 pre-—

124 2628 218 2661 dictis
247 2628 288 2662 de
315 2627 575 2672 Prussinowicz‚
606 2632 667 2663 rite
696 2634 728 2663 et
756 2628 1003 2662 racionabiliter
1031 2639 1049 2662 e
1078 2639 1246 2661 converso
1266 2628 1476 2661 vendidimus
1504 2639 1565 2674 pro
1593 2631 1773 2673 nonaginta
1805 2631 1924 2662 marcis

125 2699 323 2733 grossorum
361 2688 579 2734 Pragensiuin
618 2689 780 2724 Moravici
820 2691 949 2723 numeri
987 2693 1019 2722 et
1055 2692 1258 2734 pagamenti,
1296 2691 1472 2733 sexaginta
1510 2692 1650 2733 quatuor
1686 2699 1825 2733 grossos
1863 2699 1922 2734 pro

1948 880 1979 903 lit

1945 1484 1978 1505 211

1945 2189 1979 2212 3«)

1948 2526 1982 2550 35
