2421 3064
976 222 1054 253 1:391
1848 216 1920 249 285

106 323 252 366 ipsorum
297 322 426 365 punctis
470 324 500 353 et
548 321 695 353 articulis
742 320 882 354 fideliter
919 319 1101 364 adimplere
1140 323 1171 351 ct
1210 318 1444 352 inviolabiliter
1487 319 1670 352 ohservare
1709 323 1806 363 atque
1850 323 1920 364 post

108 385 247 414 mortem
287 381 362 413 dicti
395 380 627 413 l'esschieonis
658 380 792 426 Kopacz
830 381 869 414 ad
910 385 977 414 tres
1016 390 1121 413 annos
1161 382 1309 419 integros
1348 378 1388 411 ah
1428 382 1640 424 impeticione
1674 379 1760 412 dicte
1791 379 1923 412 domine

106 440 259 475 Marethe
280 440 513 474 Pesschiconis
543 444 658 474 uxoris
688 441 875 485 disbrigare
905 445 936 474 et
965 440 1108 474 finaliter
1137 439 1292 473 libertare
1314 442 1434 472 nostris
1457 442 1600 484 propriis
1621 442 1790 485 impensis,
1821 438 1923 472 laho-

107 500 197 534 ribus
236 504 267 533 et
305 499 430 544 fatigis.
475 501 569 541 Quod
610 504 636 534 si
667 512 731 534 non
763 502 941 535 fecerimus
971 500 1025 534 vel
1054 500 1202 546 predicta
1233 499 1484 533 violaverimus.
1524 503 1632 533 statim
1663 500 1727 533 duo
1756 511 1799 532 ex
1830 499 1924 533 nobis

108 560 371 594 fideiussoribus.
415 564 468 605 qui
507 572 566 606 per
596 561 702 594 dictos
731 566 900 606 emptores
929 561 985 595 vel
1017 563 1162 606 ipsorum
1193 571 1237 593 ex
1266 564 1360 605 parte
1391 560 1512 593 fuerint
1542 563 1724 600 ammoniti,
1765 563 1795 594 in
1825 571 1923 593 cursu
1963 568 1978 589 ι’,

108 621 359 667 quatuordecim
398 620 525 655 dierum
565 624 636 655 sine
674 623 946 656 contradiccioue
980 632 1053 655 cum
1085 620 1213 655 duobus
1243 620 1372 654 famulis
1402 625 1432 653 et
1462 626 1603 665 quatuor
1632 625 1725 666 equis
1755 623 1924 654 civitatem

108 681 293 715 Olomuncz
322 692 361 714 ac
390 680 509 714 ibidem
541 681 673 714 domum
705 681 878 715 honestam
909 692 968 727 pro
998 686 1092 727 parte
1122 681 1283 715 dictorum
1315 686 1499 727 emptorum
1522 681 1815 715 demonstrandam
1837 680 1924 714 sub-

108 745 235 776 intrare
264 741 476 775 tenebuntur.
515 741 702 786 obstagium
734 753 849 775 verum
881 747 913 776 et
941 742 1074 776 solitum
1104 742 1144 775 ad
1174 741 1402 787 prestandum.
1448 741 1573 782 Quibus
1604 744 1635 775 in
1666 741 1819 786 obstagia
1849 746 1924 775 octo

109 801 226 836 diebus
264 802 574 848 perseverantibus.
618 805 736 835 iterum
774 803 827 835 alii
865 803 929 835 duo
967 805 1021 848 qui
1060 805 1272 847 requirentur
1301 813 1374 835 cum
1406 802 1536 835 famulis
1566 806 1597 835 et
1627 805 1720 847 equis
1750 814 1812 835 eeu
1842 813 1924 847 pre-

109 862 266 897 scribitur
300 862 339 895 ad
375 863 524 908 prefatos
562 862 752 907 obstagium
791 862 1044 904 511bintrabunt3
1087 862 1217 896 demum
1248 863 1370 897 residui
1401 862 1465 895 duo
1496 862 1710 896 fideiussores
1739 862 1780 895 ad
1811 865 1926 896 moni-

109 926 240 957 cionem
270 922 476 969 prefatorum
507 928 693 969 emptorum
724 923 778 957 vel
808 926 953 968 ipsorum
986 922 1194 957 manufidelis
1224 922 1411 967 obstagium
1443 934 1563 968 parare
1593 923 1792 956 tenebuntur
1821 925 1925 968 equis.

110 983 242 1017 famulis
281 988 315 1016 et
352 984 458 1017 modis
497 983 649 1017 omnibus
688 995 749 1017 ceu
787 983 956 1029 prefertur
985 983 1105 1017 abinde
1135 984 1322 1017 nullatenus
1352 986 1485 1026 exituri„
1525 983 1633 1016 donec
1662 994 1779 1017 omnes
1809 983 1926 1027 negli-

110 1046 232 1089 gencie
271 1043 359 1077 facte
397 1055 457 1089 per
485 1054 547 1077 nos
577 1043 727 1090 prefatos
757 1044 897 1078 lideliter
925 1044 1124 1090 impleantur
1153 1055 1191 1077 ac
1221 1047 1331 1077 omnia
1362 1044 1588 1077 demonstrata
1619 1048 1651 1077 et
1680 1042 1929 1076 racionabiliter

110 1109 268 1150 percepta
308 1105 448 1150 dampna
492 1107 571 1150 ipsis
609 1104 814 1150 emptoribus
850 1105 1098 1150 persolventur.
1154 1104 1287 1150 Elapsis
1325 1115 1409 1138 vero
1447 1108 1589 1149 quatuor
1626 1103 1818 1137 ebdomadis
1856 1108 1929 1149 post

110 1168 250 1211 primam
290 1165 452 1198 dictorum
483 1170 669 1211 emptorum
699 1168 977 1199 ammonicionem
1008 1168 1146 1211 prestito
1175 1168 1281 1198 eciam
1311 1165 1366 1199 vel
1395 1176 1461 1198 nou
1490 1168 1630 1210 prestito
1660 1164 1827 1209 obstagio‚
1866 1167 1926 1210 ipsi

110 1230 280 1271 emptores
309 1225 440 1271 plenam
462 1225 587 1259 habere
616 1225 737 1259 debent
766 1230 978 1271 potestatem,
1009 1229 1167 1271 pecunias
1198 1226 1420 1270 negligenciis
1450 1225 1545 1259 factis
1575 1237 1633 1259 seu
1665 1225 1815 1270 dampnis
1842 1236 1928 1271 per-

111 1288 216 1332 ceptis
246 1285 512 1331 equivalentibus
534 1288 618 1319 inter
639 1285 848 1319 Christianos
876 1286 932 1320 vel
951 1286 1080 1320 Judeos
1101 1286 1283 1331 recipiendi
1304 1290 1454 1320 nostrum
1477 1289 1622 1319 omnium
1643 1297 1746 1331 super
1766 1285 1928 1331 dampnis,

112 1358 176 1392 que
206 1349 310 1380 eciam
337 1346 477 1392 dampna
499 1346 697 1391 persolvere
736 1346 924 1380 tenebimur
952 1349 1024 1380 sine
1053 1346 1182 1380 fraude.
1231 1346 1267 1380 Si
1289 1357 1372 1380 vero
1394 1346 1502 1380 medio
1532 1351 1687 1392 tempore
1716 1346 1857 1391 aliquem
1890 1345 1930 1378 de

112 1407 209 1442 nobis
239 1406 502 1448 fideiussoribusf
532 1407 619 1451 quod
641 1407 737 1443 absit.
768 1410 851 1440 mori
872 1410 1084 1451 contingerit,
1116 1412 1193 1440 tunc
1215 1410 1245 1440 in
1272 1407 1425 1441 discursu
1446 1409 1543 1441 unius
1564 1410 1688 1441 niensis
1709 1407 1808 1440 alium
1830 1409 1930 1451 equi-

113 1468 282 1502 valentem
316 1467 391 1501 loco
421 1466 565 1500 defuncti
597 1467 764 1501 collocare
793 1467 879 1501 bona
910 1467 972 1500 lide
1001 1470 1221 1513 promittimus
1251 1472 1426 1512 presentes
1455 1467 1582 1501 litteras
1612 1467 1815 1500 innovando
1860 1465 1929 1500 Sub

113 1529 230 1563 harum
260 1527 377 1574 quibus
406 1530 551 1561 omnium
582 1532 730 1561 nostrum
761 1528 868 1572 sigilla
895 1527 935 1561 de
965 1538 1047 1561 vera
1077 1530 1223 1561 sciencia
1244 1532 1319 1561 sunt
1339 1538 1497 1573 appensa.
1528 1528 1648 1561 Datum
1671 1527 1846 1561 Olomunc.
1878 1527 1930 1560 die

113 1590 289 1623 divisionis
319 1588 558 1634 apostolorum.
589 1598 676 1621 anno
706 1587 828 1622 domini
859 1588 1034 1621 millesimo
1064 1591 1302 1622 trecentesimo
1332 1591 1552 1632 nonagesimo
1581 1590 1700 1633 primo.

426 1658 514 1693 Oi·i9.,
548 1657 635 1692 persy„
670 1667 679 1683 t
723 1667 758 1683 1111
784 1658 910 1684 Presseln
944 1659 1091 1693 lmnyemle
1123 1657 1232 1692 Sieqel:
1274 1657 1305 1689 1)
1338 1658 1364 1684 S.
1400 1658 1585 1683 PESCole
1619 1659 1669 1683 DE
1702 1658 1930 1687 PUDHANYE,

530 1711 683 1745 yehorntei·
714 1710 907 1745 Orlesenlropf:
949 1710 981 1742 2)
1013 1710 1041 1736 S.
1075 1709 1265 1735 HERSUNIS
1302 1710 1352 1734 mi
1387 1710 1673 1741 TIRPENOWICZ,
1710 1709 1845 1741 Scliaufel
1868 1710 1931 1739 ΓΗΖ

1951 871 1980 894 10

1949 1170 1979 1194 15)

1950 1478 1983 1500 2⁴»

532 1762 565 1791 3)
590 1762 792 1788 BISSCONIS
807 1762 845 1800 (Υ)
880 1763 929 1787 ΒΕ
954 1762 1073 1787 RAs⁴w
1088 1782 1094 1788 .
1114 1782 1119 1788 .
1138 1782 1153 1789 .,
1180 1761 1258 1787 Lon-e
1282 1762 1353 1787 nach
1379 1762 1451 1787 liuh-s
1475 1762 1618 1796 yezrerm'et
1641 1762 1699 1794 auf
1711 1763 1800 1787 einen!
1821 1761 1932 1788 Felsen:
1952 1765 1986 1789 25

531 1814 564 1847 4')
582 1814 828 1840 PRZECHONIS
846 1815 898 1840 DE
918 1815 995 1840 ΗΑΓ
1011 1835 1016 1839 .
1031 1835 1036 1839 .
1052 1834 1067 1842 .,
1085 1814 1149 1839 Bilsl
1166 1816 1216 1839 wie
1233 1813 1275 1839 1)θί
1293 1813 1329 1842 3:
1356 1815 1389 1846 5)
1411 1814 1438 1840 δ’.
1456 1814 1478 1838 Ρ
1493 1834 1498 1839 .
1515 1835 1522 1840 .
1537 1834 1542 1839 .
1561 1814 1677 1839 CwNIs
1703 1812 1932 1838 STVDENECZ

536 1866 600 1891 Biltl
629 1868 678 1891 ieie
703 1866 745 1892 bei
773 1866 808 1892 l.-
844 1866 876 1898 η’)
901 1866 920 1899 †
946 1866 1104 1892 1‘EssICO
1129 1865 1150 1900 ’ξ’
1177 1867 1211 1893 Ι).
1238 1866 1487 1892 DVRZHWICZ.
1520 1865 1710 1892 itlondsichel:
1747 1865 1780 1901 7)
1808 1865 1931 1890 BLASY

533 1918 569 1943 D.
597 1917 841 1948 S'I'ICIIOVICZ,
868 1918 930 1943 Bild
948 1920 997 1944 irie
1015 1918 1057 1944 hee·
1078 1918 1103 1944 1.
1130 1934 1170 1937 —ffl
1192 1919 1352 1955 Wittiuquu,
1369 1918 1462 1951 surstl.
1480 1917 1810 1952 Selimurz-euberyisclzes
1829 1916 1932 1943 Archiv

535 1969 567 1996 ΙΙ.
594 1968 654 1995 385
673 1970 705 1996 Α.
731 1978 775 1996 nr.
795 1969 820 1996 1.

189 2089 304 2139 325.
1388 2106 1482 2140 1391
1519 2106 1668 2139 October
1697 2107 1718 2139 1
1750 2106 1879 2139 are-mn.

122 2177 254 2211 Rudolt
282 2188 346 2210 1·οη
377 2168 543 2221 (Ῠθνιυεηςχ
574 2178 641 2210 und
667 2179 763 2210 sedne
792 2176 933 2221 Burqen
969 2176 1188 2221 rerpslz'eleten
1219 2176 1292 2209 sicle
1322 2178 1398 2209 eine
1427 2175 1559 2209 Selzetld
1587 2187 1651 2209 ron
1680 2176 1729 2209 20
1759 2175 1861 2209 Marlf
1890 2187 1933 2208 (1η

118 2237 224 2271 Jeslco
263 2237 377 2271 Puslfa
416 2248 480 2270 von
520 2237 694 2271 Isunstadt
731 2237 811 2270 aelel
844 2236 994 2270 tt'oelzen
1031 2237 1121 2270 nacla
1159 2238 1220 2271 der
1259 2240 1371 2270 ersten
1410 2236 1586 2279 Mallium-(J
1624 2236 1932 2269 z-ezmelczazalelen.

278 2306 361 2354 Nos
390 2320 513 2354 Rudolt
552 2320 592 2353 de
622 2319 835 2354 Czrweneho
866 2319 994 2353 debitor
1031 2319 1236 2365 principalis,
1275 2330 1349 2352 cum
1380 2330 1420 2352 eo
1450 2324 1481 2352 et
1510 2330 1570 2364 pro
1600 2330 1640 2352 eo
1683 2318 1800 2352 Petrus
1831 2318 1934 2351 frater

121 2383 223 2426 ipsius
252 2380 387 2414 Rudolti
417 2380 457 2414 de
487 2380 700 2414 Czrweneho
731 2385 764 2413 et
793 2379 973 2414 Ehrussius
1003 2380 1043 2413 de
1072 2380 1265 2422 BucoxvicZ‚
1296 2379 1463 2413 Heuricus
1492 2379 1608 2413 Herolt
1638 2379 1678 2412 de
1698 2379 1866 2412 Herolticz
1896 2390 1934 2412 ac

119 2440 272 2475 Ywanek
309 2441 349 2474 de
378 2440 691 2486 Budyeyowiczek.
728 2441 942 2474 fideiussores
977 2443 1092 2485 ipsius.
1131 2451 1195 2473 una
1233 2451 1306 2473 cum
1337 2440 1516 2473 heredibus
1546 2443 1667 2473 nostris
1699 2444 1814 2473 tenore
1849 2451 1933 2485 pre-
1953 2446 1968 2467 ³3

121 2505 271 2536 sencium
300 2504 577 2546 recognoscimus
607 2504 787 2535 universis.
832 2501 916 2546 quod
947 2500 1047 2534 nobili
1081 2500 1215 2534 domino
1244 2500 1381 2534 Jescoui
1411 2500 1537 2533 Puscze
1567 2500 1608 2533 de
1637 2500 1776 2533 Cunstat
1805 2504 1838 2532 et
1866 2502 1933 2533 suis

121 2561 300 2596 heredibus
331 2567 483 2596 tenemur
512 2565 544 2595 111
573 2562 713 2595 solidum
744 2562 783 2594 de
813 2572 896 2595 vero
927 2560 1036 2595 debito
1066 2564 1183 2605 viginti
1213 2572 1344 2594 marcas
1373 2571 1569 2605 grossorum
1601 2560 1813 2594 denariorum
1844 2560 1933 2593 Pra-

121 2625 273 2667 gensium
303 2622 468 2656 Moravici
504 2625 632 2655 numeri
671 2627 704 2655 et
741 2624 943 2668 pagamenti.
983 2632 1064 2666 quas
1103 2620 1234 2665 quidem
1265 2624 1422 2666 pecunias
1452 2621 1595 2654 reddere
1624 2625 1657 2654 et
1686 2620 1820 2654 solvere
1850 2632 1934 2665 pro-

123 2685 280 2716 mittimus
320 2694 417 2716 manu
451 2685 627 2716 coniuncta
659 2687 690 2716 et
718 2683 884 2716 indivisim
915 2682 1053 2727 prefatis
1087 2681 1220 2715 domino
1250 2681 1387 2715 Jesconi
1416 2681 1541 2715 Puscze
1571 2681 1612 2715 de
1641 2680 1779 2715 Cunstat
1808 2686 1838 2714 et
1868 2684 1935 2715 suis

1953 2118 1987 2143 31)
