2421 3064
1011 234 1091 265 1:322
1885 235 1891 267 l
1910 234 1950 267 15

298 324 338 358 Et
367 338 432 371 ego
455 327 623 361 Fridricus
653 329 799 363 decanus
821 330 1055 364 Olomucensis
1086 331 1244 375 prel'atus.
1275 336 1368 365 cuius
1399 336 1546 368 interest.
1578 337 1665 367 iuxta
1694 336 1832 368 l'orniam
1855 337 1949 370 arbi—

142 385 234 418 tralis
263 389 434 420 sentencie
464 393 662 432 expressatc
692 393 843 434 superius
873 393 982 424 onmia
1003 395 1035 424 et
1055 392 1184 435 singula
1207 393 1352 437 predicta
1375 395 1532 432 cinoloffo
1557 399 1586 427 et
1609 406 1709 440 super
1731 408 1782 428 mc
1804 408 1950 442 proruet»

141 445 368 480 adieccionem
408 448 572 493 penalem.
623 448 657 482 Et
696 461 755 482 nos
785 454 936 484 canonici
967 455 1137 496 totumque
1167 454 1344 498 capitulum
1377 455 1609 489 (llmnucensis
1649 456 1776 501 prefate
1806 458 1949 491 ecclesie

141 506 394 540 considerantes
424 507 612 541 arbitralem
645 510 826 554 predictam
856 515 1061 545 sentenciam
1093 517 1123 546 et
1145 524 1254 546 omnia
1285 518 1383 559 atque
1413 516 1553 559 singula.
1585 527 1648 560 que
1678 520 1888 551 continentur
1919 521 1949 551 in

140 576 191 608 ea.
229 566 270 600 ad
299 570 402 612 ipsius
431 567 612 602 decanatus
643 570 877 605 tllomuceusis
908 571 1070 605 honorem
1101 573 1234 606 cedere.
1274 574 1450 608 commlum
1482 579 1606 621 pariter
1641 581 1670 609 et
1701 577 1886 622 prol'ectum
1917 584 1946 611 ct
1987 584 2002 605 Γ)

139 637 182 660 ex
213 626 276 661 lioc
305 632 453 661 nostram
484 629 660 663 ecclesiam
700 632 916 675 singulariter
953 632 1122 668 honorari.
1162 636 1272 667 animo
1311 634 1494 668 deliberato
1529 648 1593 669 non
1623 648 1682 681 per
1712 649 1862 671 errorem
1894 644 1946 671 aut

141 688 328 733 inprovide.
358 688 416 721 sed
446 688 541 722 nobis
571 690 612 722 ob
643 690 706 724 lioc
735 692 858 736 pluries
889 696 919 726 in
950 693 1093 739 capitulo
1123 697 1342 739 congregatis
1372 699 1514 728 unamini
1537 701 1628 730 voto.
1660 697 1829 731 voluntate
1859 710 1946 732 cou—

139 748 233 781 cordi
261 760 301 782 ac
331 748 371 782 de
401 754 491 782 certa
522 756 634 784 nostra
665 755 810 786 sciencia
841 756 950 786 onmia
990 755 1178 799 supradicta
1218 759 1250 788 et
1279 767 1394 789 eorum
1426 756 1591 801 quodlibet
1633 761 1662 790 iu
1694 758 1846 791 omnibus
1876 762 1944 792 suis

138 811 330 844 sentenciis,
361 809 545 845 tenoribus.
585 813 744 846 articulis.
785 817 915 858 punctis
953 819 986 848 et
1015 815 1172 848 clausulis
1202 816 1384 849 secuudum
1415 827 1547 849 omnem
1579 818 1709 851 modum
1741 823 1772 851 et
1802 819 1943 852 formam

138 868 178 902 de
207 869 314 903 verbo
351 870 390 903 ad
422 870 575 905 verbum.
615 878 709 917 prout
741 880 984 919 expressantur
1016 878 1181 921 superius.
1222 876 1406 911 laudamus.
1445 876 1679 922 approbamus.
1719 883 1940 924 acceptamus.

137 929 338 963 ratificamus
374 935 405 964 et
444 934 474 964 in
513 943 550 964 ea
589 936 698 966 onmia
737 938 769 967 et
806 946 921 968 eorum
961 935 1129 980 quodlibet
1166 937 1403 981 capitulariter.
1448 941 1646 971 unanimiter
1681 943 1711 971 et
1751 940 1938 973 voluntarie

136 993 373 1024 consentimus.
436 991 649 1026 Presencium
693 993 752 1027 sul)
799 999 1003 1040 appensione
1047 998 1181 1029 maioris
1228 1000 1331 1030 nostri
1375 998 1566 1043 capitularis
1609 999 1706 1042 sigilli
1754 1003 1942 1034 testimonio

135 1050 329 1084 litterarum.

444 1122 530 1156 (li-ip..
565 1123 651 1157 ΙῬι-ῃ..
685 1124 700 1148 2
734 1125 824 1159 διά-[μ’]
855 1134 890 1150 1111
925 1125 1070 1151 l’ressrln:
1109 1126 1142 1156 l)
1167 1136 1188 1152 s.
1214 1126 1281 1152 uben
1315 1136 1356 1153 ην.
1387 1128 1461 1154 Ιίἰᾶι
1510 1130 1543 1158 22)
1572 1129 1757 1155 12CC1.1›351A
1792 1132 1942 1156 ‘’LUMV·

550 1175 703 1203 CENNJS:
731 1185 762 1201 :11
787 1176 883 1202 beiden
903 1178 993 1203 Seium
1015 1178 1063 1203 (les
1082 1177 1217 1213 lleiliyeu.
1242 1179 1293 1205 der
1309 1182 1371 1205 eme
1391 1180 1492 1206 Isim-ln·
1509 1179 1584 1205 halt:
1613 1182 1727 1206 {sumti
1748 1198 1787 1200 *a
1805 1183 1841 1207 tt]
1864 1184 1942 1209 til‘ss.

551 1243 588 1245 ⁷—
620 1227 778 1262 ll'ttlingstm.
800 1229 894 1260 stu-sil.
921 1230 1253 1263 Srhirarzenherflisclws
1279 1232 1383 1257 sta-clar
1412 1232 1443 1257 ll.
1472 1232 1538 1258 179.
1564 1242 1607 1258 nr.
1637 1233 1661 1259 Ι.

237 1373 246 1386 Δ
271 1373 301 1384 ο

207 1370 316 1420 131.
1459 1395 1554 1428 1372
1584 1396 1668 1429 June·
1697 1397 1715 1429 7
1747 1397 1886 1431 Fnlneha

226 1458 390 1492 Dirslaus
422 1472 483 1493 ron
517 1460 669 1493 [st-amar
696 1462 804 1505 stillet
833 1463 886 1494 ein
917 1462 1205 1495 Annii-ersariunz
1235 1464 1267 1495 in
1297 1463 1358 1496 der
1387 1464 1609 1508 Pfarrlfirclee
1639 1477 1678 1498 zu
1708 1466 1847 1500 Fezlnelc.

286 1528 327 1576 In
356 1546 490 1576 nomine
520 1548 655 1576 sanctae
676 1548 705 1576 et
728 1544 919 1576 individuae
936 1546 1088 1577 trinitatis
1109 1556 1217 1578 amen.
1250 1545 1452 1579 Cunctorum
1475 1550 1557 1591 perit
1580 1551 1739 1581 memoria
1763 1548 1936 1582 factorum.

129 1613 215 1647 quae
243 1603 347 1636 literis
367 1607 399 1636 et
420 1603 556 1637 testibus
587 1604 715 1637 idoneis
736 1615 799 1637 non
822 1603 943 1637 fuerint
974 1604 1140 1637 roborata.
1173 1605 1257 1638 ilinc
1282 1611 1343 1647 est,
1366 1606 1452 1651 quod
1483 1618 1543 1640 nos
1565 1607 1714 1641 Dii-slaus
1737 1609 1777 1641 de
1799 1608 1938 1642 Crawar

130 1667 161 1696 et
200 1663 352 1697 dominus
391 1666 422 1697 in
453 1663 581 1697 Fulnek
619 1664 658 1697 ad
698 1669 891 1710 perpetuam
931 1668 977 1698 rei
1008 1668 1202 1698 memoriam
1242 1665 1426 1700 futurorum
1466 1672 1496 1700 et
1526 1671 1751 1713 praesentium
1783 1669 1936 1703 volumus

129 1726 284 1757 noticiam
306 1723 498 1763 informare,
531 1725 617 1769 quod
638 1725 896 1769 praetendentes
917 1725 1058 1758 salutem
1079 1729 1211 1759 animae
1231 1729 1398 1772 propriam
1421 1727 1564 1772 olimque
1585 1731 1688 1761 nostri
1710 1732 1806 1762 amici
1827 1729 1935 1763 dilecti

129 1783 252 1818 domini
279 1783 442 1818 ,Iohannis
481 1785 556 1818 dicti
587 1784 712 1818 Scitina
752 1784 893 1818 fideliter
931 1785 1087 1819 laborare
1125 1789 1308 1831 cupientes.
1348 1787 1530 1821 Francisco
1569 1788 1712 1833 plebano
1751 1794 1865 1822 nostro
1903 1793 1933 1823 in

128 1843 258 1878 Fulnek
286 1847 420 1890 suisque
450 1845 703 1879 successoribus
732 1856 830 1878 unam
861 1856 1006 1879 marcam
1045 1857 1240 1891 grossorum
1272 1847 1488 1891 Pragensium
1529 1849 1741 1883 denariorum
1771 1849 1934 1884 Moravici

127 1907 257 1938 numeri
287 1909 319 1938 et
348 1909 551 1951 pagamenti.
573 1905 694 1939 LXIlII
714 1916 853 1949 grossos
883 1917 944 1951 pro
967 1917 1078 1939 marca
1101 1908 1335 1952 computando,
1358 1911 1428 1941 veri
1450 1913 1480 1941 et
1502 1912 1651 1954 perpetui
1673 1921 1805 1945 census.
1836 1922 1931 1955 quam

127 1968 197 2011 ipse
226 1965 332 1999 felicis
362 1969 546 1999 memoriae
567 1966 715 1999 Joaunes
737 1966 861 1999 Scitina
893 1971 1063 2011 pretactus
1093 1966 1178 2012 apud
1200 1978 1261 2001 nos
1292 1973 1323 2001 et
1343 1968 1464 2001 fratres
1494 1974 1626 2002 nostros
1656 1969 1805 2003 dilectos.
1833 1971 1933 2003 vide-

126 2026 205 2059 licet
249 2026 415 2060 dominum
455 2026 685 2060 Voczlzonem.
729 2026 923 2060 Benessium
970 2031 1002 2059 et
1040 2026 1263 2063 Laczkonem.
1308 2031 1432 2073 paratis
1479 2032 1546 2062 suis
1593 2032 1742 2074 pecuniis
1791 2033 1852 2063 rite
1894 2042 1932 2064 ac

126 2086 367 2121 rationabiliter
396 2090 474 2121 emit
503 2092 535 2120 et
564 2098 645 2120 suae
674 2090 804 2120 animae
835 2091 1154 2132 progenitorumque
1184 2098 1318 2121 suorum
1358 2088 1399 2122 ol)
1430 2090 1611 2123 remedium
1644 2094 1675 2122 et
1704 2090 1841 2123 salutem
1873 2102 1932 2136 pro

125 2152 285 2193 perpetuo
314 2152 514 2182 testamento
544 2151 753 2193 comparavit
790 2159 890 2193 super
927 2148 1081 2192 oppidum
1120 2158 1178 2180 seu
1209 2151 1379 2182 civitatem
1408 2154 1555 2183 nostram
1587 2149 1715 2183 Fulnek
1744 2150 1784 2183 de
1813 2156 1928 2185 nostro

124 2219 208 2241 vero
238 2219 353 2245 censu.
392 2220 489 2253 quem
520 2208 640 2242 ibidem
671 2212 766 2241 annis
795 2209 932 2253 singulis
971 2211 1146 2253 percipere
1186 2208 1358 2251 debemus,
1396 2213 1469 2243 sive
1506 2213 1547 2243 sit
1584 2210 1640 2243 ille
1678 2222 1819 2255 magnus
1857 2215 1929 2245 sive

124 2279 261 2314 parvus,
291 2268 332 2302 de
361 2269 479 2302 eodem
510 2279 613 2302 censu
643 2269 793 2302 dedimus
823 2268 1123 2314 praesentibusque
1153 2269 1269 2302 (lamus
1291 2273 1460 2303 veraciter
1488 2281 1527 2303 ac
1551 2270 1656 2304 libere
1686 2272 1756 2304 dari
1786 2274 1818 2305 in
1847 2283 1929 2317 per-

123 2333 256 2374 petuum
286 2332 497 2373 assignamus
526 2340 586 2374 per
611 2332 704 2363 cives
734 2329 881 2362 eiusdem
912 2332 1066 2362 civitatis.
1097 2332 1247 2374 quisunt
1276 2341 1334 2363 seu
1364 2334 1532 2364 successis
1562 2331 1683 2364 suerint
1713 2332 1928 2377 temporibus.

124 2393 158 2422 ut
185 2392 247 2435 ipsi
282 2392 314 2423 in
344 2389 429 2423 festo
468 2392 573 2423 sancti
601 2389 742 2423 Joannis
780 2389 942 2434 baptistae
973 2389 1114 2422 mediam
1150 2401 1296 2424 marcam
1333 2395 1365 2424 et
1395 2394 1424 2424 in
1464 2391 1549 2424 festo
1587 2394 1768 2425 nativitatis
1807 2392 1928 2426 domini

123 2450 266 2484 mediam
295 2461 442 2484 marcam
471 2461 668 2494 grossorum
699 2455 944 2495 praetactorum
975 2449 1127 2483 omnibus
1157 2454 1189 2484 et
1209 2451 1348 2495 singulis
1377 2451 1448 2485 aliis
1478 2451 1696 2485 solutionibus
1726 2456 1927 2498 postergatis

121 2513 229 2556 primo
267 2515 299 2544 et
335 2511 564 2556 principaliter
597 2510 741 2556 plebano
772 2511 955 2556 praedicto,
994 2513 1047 2555 qui
1077 2515 1139 2553 est,
1169 2515 1202 2544 et
1232 2511 1384 2545 omnibus
1413 2511 1474 2545 sibi
1503 2512 1761 2545 succedentibus
1791 2513 1867 2546 dent
1897 2517 1927 2545 et
1948 2520 1963 2540 ³1

121 2571 328 2616 persolvant,
358 2570 622 2604 contradictione
651 2575 684 2604 et
712 2573 953 2616 prorogatione
983 2581 1042 2603 seu
1072 2574 1252 2605 occasione
1280 2571 1426 2616 qualibet
1454 2572 1674 2617 proculmota.
1712 2572 1926 2606 Abrenunti-

121 2635 216 2665 antes
245 2630 477 2678 praesentibus
515 2642 578 2664 una
616 2642 689 2664 cum
728 2633 850 2664 nostris
890 2630 1102 2664 haeredibus.
1146 2634 1171 2664 si
1211 2643 1294 2676 quos
1333 2631 1557 2672 habuerimus.
1602 2637 1633 2665 et
1672 2632 1926 2666 successorihus

119 2697 280 2738 perpetue
322 2703 384 2725 nec
422 2702 486 2725 non
525 2694 596 2725 iure
635 2690 780 2736 quolibet
823 2702 925 2736 super
962 2690 1166 2736 praedictam
1207 2703 1352 2725 marcam
1397 2691 1549 2725 habendo
1589 2695 1692 2737 ipsam
1724 2692 1925 2737 peramplius

1775 2759 1822 2782 15ἓ

1966 891 1996 913 ῐιι

1959 1622 1992 1644 2⁴>

1949 2226 1970 2250 3(
1978 2229 1982 2248 1
