2421 3064
964 237 1044 268 1:3⁸9
1820 234 1840 266 '2
1847 235 1866 264 Γ)
1873 235 1892 265 5

81 332 237 366 videlicet
256 332 367 366 vittam
390 332 498 365 Briest
521 337 552 366 et
583 333 702 367 vntam.
716 333 934 367 chhowicz
952 335 1036 376 (sic)
1053 345 1126 367 cuin
1149 337 1217 367 suis
1236 337 1463 379 pertinenciis.
1496 335 1651 369 censibus
1670 341 1698 369 et
1718 336 1789 368 aliis
1809 348 1894 381 pro-

81 392 236 427 ventibus
267 396 434 426 universis
464 392 583 427 nobilis
613 393 768 427 Hrubczo
799 394 839 427 de
870 394 1093 439 Sclionanger
1123 406 1139 427 a
1170 400 1306 428 strenuo
1337 395 1500 428 Jessconc
1530 396 1570 429 dc
1597 396 1785 440 Sternbcrg
1815 398 1895 430 alins

82 453 122 487 de
152 452 302 486 Luckow
322 456 390 486 suis
420 457 569 499 pecuniis
599 454 638 487 ad
662 457 728 487 vite
758 466 817 488 sue
839 459 988 500 tempora
1019 455 1202 488 dinoscitur
1231 466 1458 500 comparasse,
1490 468 1530 489 co
1551 457 1636 501 quod
1669 457 1753 489 idem
1775 457 1895 490 Jessco

82 513 211 559 prefata
242 513 327 547 bona
358 516 387 547 in
417 514 572 547 Jaroslao
603 514 643 547 de
674 514 915 548 (ldtoebowicz
954 514 1142 548 obtinuerat
1172 519 1243 548 iure
1273 519 1423 549 terrestri
1455 516 1699 550 consuetudine
1730 520 1759 550 in
1790 520 1894 562 patria

82 573 121 606 ad
157 576 225 606 vite
253 585 314 607 sue
353 578 539 620 tempora‘,
579 578 640 608 inin
670 575 844 609 Jaroslaus
873 576 1043 621 predictus
1072 578 1301 621 prenominata
1334 576 1417 609 bona
1443 574 1485 621 {a}
1509 582 1676 610 conventu
1708 582 1739 611 ct
1769 589 1895 611 mona-
1933 584 1949 604 ἴ·

83 631 208 667 sterm'*
229 637 462 679 prenominato
475 635 659 679 W'elegrad
682 636 720 668 ad
739 639 806 668 vite
827 647 887 669 sue
904 636 1063 669 duntaxat
1082 641 1231 681 tempora
1249 642 1505 681 comparaverat
1524 638 1552 669 Ν.)
1575 665 1580 670 ,
1599 642 1712 671 nostro
1729 648 1895 671 consensu

83 697 208 740 pariter
237 695 421 729 accedente
451 699 560 729 animo
591 695 774 729 deliberato
804 701 835 730 et
865 696 905 729 (le
935 702 1048 730 nostra
1079 702 1169 730 certa
1192 700 1336 730 sciencia
1364 700 1597 730 cmisensimus
1619 703 1648 731 et
1671 701 1793 732 virtute
1814 710 1897 744 pre-

84 758 234 789 sencium
265 755 411 800 benigne
441 761 472 789 et
501 756 683 790 liberaliter
711 760 951 792 consentimus,
982 761 1023 790 ita
1057 762 1166 791 tannen
1197 758 1282 802 quod
1313 757 1399 790 bona
1430 761 1490 790 iam
1523 758 1605 791 dicta
1634 770 1706 792 cuin
1731 762 1898 792 universis

84 818 153 849 suis
174 819 390 861 pertinenciis
412 822 484 862 post
506 817 629 850 obitum
651 817 770 862 prefati
792 817 1013 852 Hrubczonis.
1043 821 1074 851 iu
1096 829 1192 862 quem
1215 818 1263 859 (5²,
1284 820 1385 851 vitam
1403 817 1545 851 Jaroslai
1568 823 1596 851 et
1619 819 1792 852 Jcssconis
1815 831 1898 864 pre-

85 879 262 910 missorum
292 880 442 911 virorum
474 877 712 911 transtulimus.
751 878 790 911 ad
821 878 907 911 idem
938 882 1087 911 nostrum
1118 881 1355 912 monasterium
1387 878 1512 923 alisque
1539 879 1731 913 difficultate
1753 879 1898 924 qualibet

85 941 312 971 revertantur.
341 949 416 971 nam
447 938 573 971 litteras
603 938 685 972 illas.
716 949 798 983 quas
823 941 888 972 viri
917 941 979 971 iain
1011 939 1086 972 dicti
1107 939 1279 972 Jaroslaus
1309 943 1341 972 et
1361 938 1463 972 Jesco
1494 939 1534 972 (le
1556 939 1743 984 Sternberg
1764 952 1780 973 a
1803 940 1898 973 nobis

85 1007 145 1042 pro
174 1008 342 1031 consensu
371 998 593 1032 obtinuerant.
623 999 746 1032 nullum
777 1002 931 1043 vigorem
962 1011 1020 1032 seu
1051 999 1152 1033 robur
1181 1000 1311 1044 aliquod
1343 1000 1497 1033 volumus
1527 1000 1567 1033 de
1597 1005 1711 1033 cetero
1732 1000 1897 1034 obtinere.

86 1057 301 1092 Presencium
331 1058 392 1092 sub
411 1063 528 1092 nostro
557 1070 705 1104 appenso
735 1059 844 1103 sigillo
866 1062 1057 1093 testimonio
1086 1060 1281 1093 litterarum.
1326 1060 1445 1093 Datuin
1478 1060 1625 1103 Brunne,
1655 1072 1742 1094 anno
1774 1061 1897 1094 domini

86 1117 423 1153 M⁰CCC⁰LXXXIX
454 1119 536 1153 feria
567 1123 678 1164 quinta
708 1124 784 1165 post.
813 1119 932 1153 festum
963 1123 1069 1154 sancti
1098 1120 1214 1153 Jacobi
1244 1121 1396 1166 apostoli.

401 1190 595 1216 Pehlerren-lw
613 1191 759 1223 Ahsrlirif!
774 1193 809 1216 im
838 1190 952 1218 ..Cadur
976 1190 1218 1216 Welelwmlt’nsts‘*
1237 1191 1288 1224 sol.
1307 1191 1344 1216 *il
1357 1201 1384 1217 11.
1409 1207 1450 1210 Q
1469 1192 1574 1217 Brunn.
1601 1191 1747 1217 Lamlesw
1768 1192 1823 1218 leir.
1842 1192 1902 1218 ΛΗ.
1942 1191 1951 1203 ⁷

507 1242 655 1268 it'elelerad
670 1242 710 1268 lie.
728 1242 757 1269 G.
779 1242 825 1268 ΙΙΙ.
854 1242 923 1268 191.
948 1259 988 1261 κὴ
1012 1242 1066 1276 ΓῃΙ,
1086 1243 1180 1276 Wolny
1200 1243 1360 1269 li'ircliliae-lw
1382 1244 1580 1278 Tnpnqrupltie.
1598 1244 1666 1270 Olm.
1682 1244 1761 1269 [ho-¹:
1779 1244 1810 1269 ΙΙ.
1832 1244 1903 1270 247.

243 1309 269 1329 as
291 1299 367 1323 cmi..-
387 1300 507 1323 adiutiw·
528 1304 644 1331 tempore
666 1308 767 1331 semper
787 1304 868 1324 teuta.
976 1300 998 1322 bi
1020 1300 1095 1324 ('0d.:
1116 1306 1250 1324 conventu
1271 1306 1296 1324 et
1317 1302 1480 1325 monasterii.

158 1491 1313 1543 ⁶293.1.389
1343 1510 1545 1554 September
1574 1510 1621 1544 25²
1652 1510 1848 1544 Plumenwt.

100 1577 289 1613 ll'elislaus
318 1590 380 1612 15012
412 1578 567 1611 Meze'bof'
598 1579 796 1611 certausclaet
824 1580 895 1612 sein
928 1579 993 1611 Gn!
1022 1581 1062 1611 im
1086 1579 1198 1624 Dorfe
1232 1580 1427 1613 Misliou-itz
1454 1592 1561 1623 ,qeyeu
1586 1580 1691 1613 Gnter
1720 1581 1782 1613 des
1802 1581 1904 1614 Peter

370 1650 435 1672 vcon
466 1639 621 1672 Israel-ar
651 1627 682 1671 liz
713 1640 774 1672 (len
806 1639 959 1682 Dorfern
990 1631 1093 1680 (ἵει-Ι),
1124 1639 1285 1673 Slnsclein
1318 1641 1385 1673 und
1413 1640 1618 1674 Pientsclein.

252 1707 339 1766 Ego
359 1721 543 1754 VVelislaus
573 1722 612 1754 de
634 1721 838 1755 Meziborzie
869 1727 986 1755 tenore
1015 1725 1226 1767 presencium
1258 1733 1470 1767 recognosco
1490 1726 1670 1763 universis,
1702 1725 1786 1769 quod
1818 1724 1903 1757 bona

90 1789 122 1818 et
151 1787 279 1817 matura
309 1781 558 1816 deliberacione
588 1782 761 1827 preliabita
797 1785 858 1815 rite
889 1787 920 1815 et
949 1782 1198 1816 racionabiliter
1227 1782 1312 1816 bona
1343 1794 1415 1816 mea
1446 1787 1555 1817 omnia
1587 1784 1801 1818 hereditaria.
1841 1796 1904 1829 que

91 1844 189 1878 habui
218 1847 251 1877 iu
280 1843 357 1877 villa
387 1842 681 1888 Myslcyowiczek
718 1854 791 1876 cum
822 1846 991 1876 universis
1024 1847 1055 1876 et
1085 1843 1224 1887 singulis
1255 1846 1400 1887 ipsorum
1432 1847 1647 1889 pertinenciis
1686 1847 1717 1877 in
1747 1849 1779 1878 et
1808 1849 1903 1878 extra

92 1905 204 1939 villam
235 1904 417 1949 predictam
449 1902 702 1948 quibuscunque
732 1903 919 1937 nominibus
940 1906 1055 1937 vocari
1086 1914 1144 1936 seu
1170 1906 1333 1937 nominari
1355 1907 1483 1949 possint
1503 1909 1535 1937 et
1555 1908 1778 1938 nominentur.
1809 1910 1904 1950 prout

92 1969 229 2010 egomet
266 1964 345 1997 mihi
383 1966 484 2006 tenui‚
523 1963 622 1997 habui
660 1968 692 1997 et
730 1964 878 2009 possedi.
916 1964 1016 1997 nichil
1056 1964 1154 1997 michi
1184 1975 1292 2009 neque
1332 1964 1511 1998 heredibus
1542 1968 1624 1999 ineis
1661 1968 1691 1998 in
1722 1966 1784 1999 illis
1813 1969 1932 2007 iuris‚-

94 2026 230 2060 dominii
260 2029 291 2058 et
320 2027 533 2070 proprietatis
563 2025 785 2067 reservando,
815 2036 887 2057 cum
919 2024 1018 2058 nobili
1039 2027 1113 2057 viro
1143 2025 1277 2058 domino
1298 2025 1397 2058 Petro
1427 2025 1467 2058 dc
1488 2025 1642 2059 Crawar.
1673 2026 1805 2059 domino
1832 2037 1907 2059 meo

91 2096 276 2131 generosQ
315 2096 375 2130 pro
413 2084 509 2118 bonis
548 2089 580 2118 et
609 2087 799 2118 municione
837 2088 867 2118 in
899 2085 976 2118 villa
1008 2084 1130 2118 Czech.
1171 2088 1201 2118 in
1234 2085 1348 2118 Sluzin
1387 2090 1418 2119 et
1448 2089 1479 2119 in
1509 2086 1677 2132 Penczyn,
1717 2098 1780 2131 que
1810 2091 1907 2120 antea

94 2147 254 2180 honestus
284 2144 446 2179 Bohunco
484 2145 590 2179 dictus
620 2145 788 2179 Pukliczie
827 2146 867 2178 de
907 2145 1016 2179 Czecli
1056 2149 1159 2179 tenuit
1198 2150 1229 2179 et
1258 2146 1404 2191 possedit
1443 2151 1575 2192 etpost
1614 2150 1719 2193 ipsum
1759 2147 1907 2192 prefatus

93 2208 248 2241 dominus
278 2206 395 2239 Petrus
434 2205 474 2239 de
504 2205 657 2242 Crawar.
697 2217 769 2239 cum
814 2205 966 2240 omnibus
1000 2210 1032 2239 et
1060 2207 1198 2251 singulis
1228 2209 1374 2252 ipsorum
1405 2210 1622 2252 pertinenciis
1652 2212 1683 2241 et
1718 2207 1908 2241 utilitatibus

95 2271 126 2302 iu
166 2272 198 2301 et
233 2271 329 2301 extra
360 2266 457 2299 villas
500 2266 679 2312 predictas.
724 2266 976 2311 quibuscunque
1018 2266 1206 2300 nominibus
1236 2271 1353 2300 vocari
1391 2279 1449 2301 seu
1488 2271 1653 2302 nominari
1692 2271 1819 2314 possint
1848 2280 1908 2302 seu

96 2331 321 2362 nominentur.
360 2331 525 2360 comutam
556 2331 587 2360 et
616 2330 702 2361 iuste
732 2339 770 2360 ac
800 2327 936 2360 realiter
965 2331 1162 2372 permutam.
1211 2327 1351 2372 Propter
1388 2328 1475 2373 quod
1514 2339 1579 2373 ego
1610 2328 1793 2362 W'elislaus
1822 2340 1908 2374 pre-

95 2389 217 2431 dicius,
256 2399 318 2422 uos
356 2398 488 2433 quoque.
517 2387 579 2421 Jan
618 2387 658 2421 de
697 2387 824 2430 Ptenie‚
864 2387 945 2421 Jark
984 2387 1024 2420 de
1054 2387 1232 2421 Htuchow.
1267 2388 1433 2422 Henricus
1472 2393 1503 2422 et
1532 2388 1640 2422 Johan
1672 2389 1712 2422 de
1743 2389 1909 2424 Crumsin.

96 2449 192 2482 Vitus
239 2448 344 2482 dictus
383 2446 484 2493 Srpik
527 2447 567 2481 de
606 2447 718 2481 Obora
762 2453 795 2481 et
824 2448 1025 2481 XVilhelmus
1069 2448 1109 2481 de
1147 2447 1302 2482 Kozisicz
1341 2449 1557 2483 fideiussores
1597 2454 1628 2483 et
1667 2449 1910 2494 disbrigatores

95 2512 198 2555 ipsius
227 2509 382 2542 Wetislai
420 2512 451 2542 et
479 2519 540 2554 pro
570 2512 642 2554 ipso
672 2520 788 2542 onmes
827 2509 1002 2542 insolidum
1034 2509 1176 2542 indivise
1206 2509 1358 2543 manibus
1388 2513 1574 2544 coniunctis
1612 2515 1726 2544 nostra
1763 2510 1848 2544 bona
1879 2515 1911 2544 et

95 2573 228 2603 sincera
266 2568 329 2602 fide
366 2571 589 2614 promittimus
622 2572 854 2615 prenominata
894 2568 979 2602 bona
1008 2568 1291 2615 Misleyowiczky
1320 2581 1393 2603 cum
1432 2573 1578 2615 ipsorum
1619 2572 1758 2615 singulis
1797 2575 1908 2617 perti—

97 2633 225 2664 nenciis
254 2635 286 2663 ut
316 2629 485 2676 prefertur
514 2629 554 2663 ab
584 2633 674 2664 omni
703 2630 837 2664 homine
866 2633 1093 2675 cuiuscunque
1123 2634 1227 2663 status
1256 2629 1356 2664 fuerit
1386 2630 1548 2675 prefatum
1579 2631 1745 2665 dominum
1776 2632 1908 2666 Petrum

96 2695 153 2724 aut
182 2701 260 2724 suos
298 2690 443 2724 heredes
480 2693 511 2723 iu
542 2693 782 2736 prenominatis
820 2690 1011 2736 inpediente
1049 2701 1107 2724 seu
1146 2693 1298 2736 inpetere
1326 2691 1463 2724 volente
1501 2691 1689 2737 disbrigare
1726 2692 1908 2726 secundum

1920 884 1951 908 1¹)

1928 2274 1962 2299 :2¹0

1930 2576 1964 2599 ,¹⁷55
